symbol,year,period,costOfGoodsSold,dilutedAverageSharesOutstanding,dilutedEPS,ebit,grossIncome,interestIncomeExpense,netIncome,netIncomeAfterTaxes,period,pretaxIncome,provisionforIncomeTaxes,researchDevelopment,revenue,sgaExpense,totalOperatingExpense,totalOtherIncomeExpenseNet
CPB,2020,2020-08-02,5672,304,2.36938,1165,3019,-399,1628,592,2020-08-02,766,174,92,8691,1521,1854,
CPB,2019,2019-07-28,5390,302,2.29993,984,2717,-359,211,476,2019-07-28,625,149,88,8107,1385,1733,
CPB,2018,2018-07-29,4157,302,2.5861,1014,2458,-184,261,598,2018-07-29,830,232,91,6615,1179,1444,
CPB,2017,2017-07-30,3401,307,2.76277,1441,2436,-125,887,924,2017-07-30,1316,392,93,5837,1093,995,
CPB,2016,2016-07-31,5186,311,2.22395,948,2775,-99,563,563,2016-07-31,849,286,124,7961,1493,1827,
CPB,2015,2015-08-02,5287,313,2.41927,1060,2795,-111,666,666,2015-08-02,949,283,117,8082,1470,1735,
CPB,2014,2014-08-03,5370,316,2.45,1198,2898,-125,818,726,2014-08-03,1073,347,121,8268,1508,1700,-2
CPB,2013,2013-07-28,5140,317,2.39,1080,2912,-125,458,680,2013-07-28,955,275,128,8052,1624,1832,29
CPB,2012,2012-07-29,4715,319,2.46,1212,2992,-106,774,764,2012-07-29,1106,342,125,7707,1631,1780,7
CPB,2011,2011-07-31,4616,329,2.6,1279,3103,-111,805,802,2011-07-31,1168,366,129,7719,1619,1824,5
CPB,2010,2010-08-01,4526,343,2.44,1348,3150,-106,844,844,2010-08-01,1242,398,123,7676,1663,1802,3
CPB,2009,2009-08-02,4558,358,2.17,1185,3028,-106,736,732,2009-08-02,1079,347,114,7586,1668,1843,1
CPB,2008,2008-08-03,4827,381,2.09,1098,3171,-159,1165,671,2008-08-03,939,268,115,7998,1770,2073,6
CPB,2007,2007-07-29,4571,396,2.08,1293,3296,-144,854,823,2007-07-29,1149,326,112,7867,1926,2003,-35
CPB,2006,2006-07-30,4268,414,1.82,1151,3075,-150,766,755,2006-07-30,1001,246,99,7343,1820,1924,5
CPB,2005,2005-07-31,4491,413,1.71,1210,3057,-180,707,707,2005-07-31,1030,323,95,7548,1756,1847,-4
CPB,2004,2004-08-01,4187,412,1.62,1115,2922,-168,647,647,2004-08-01,947,300,93,7109,1695,1807,-13
CPB,2003,2003-08-03,3805,411,1.52,1105,2873,-181,595,626,2003-08-03,924,298,88,6678,1652,1768,28
CPB,2002,2002-07-28,3443,411,1.28,984,2690,-186,525,525,2002-07-28,798,273,77,6133,1490,1706,138
CPB,2001,2001-07-29,3146,418,1.57,1194,3518,-207,649,649,2001-07-29,987,338,63,6664,2137,2324,114
CPB,2000,2000-07-30,2908,432,1.65,1265,3359,-188,714,714,2000-07-30,1077,363,64,6267,1941,2094,89
CPB,1999,1999-08-01,3050,445,1.68,1270,3374,-173,724,724,1999-08-01,1097,373,66,6424,1938,2104,64
CPB,1998,1998-08-02,3233,460,1.86,1248,3463,-175,660,689,1998-08-02,1073,384,71,6696,1818,2215,64
CPB,1997,1997-08-03,4305,478,1.78,1266,3659,-159,713,713,1997-08-03,1107,394,77,7964,1960,2393,140
CPB,1996,1996-07-28,4363,503,1.59,1317,3315,-120,802,802,1996-07-28,1197,395,84,7678,1842,1998,72
CPB,1995,1995-07-30,4264,498,1.4,1147,3014,-105,698,698,1995-07-30,1042,344,88,7278,1716,1867,63
CPB,1994,1994-07-31,3970,502,1.25,1027,2694,-64,630,630,1994-07-31,963,333,78,6664,1548,1667,41
CPB,1993,1993-08-01,4028,503.8,0.86,594,2558,-74,8,257,1993-08-01,520,263,69,6586,1514,1964,0
CPB,1992,1992-08-02,3963.1,503.4,0.97,877.1,2300.1,-86.6,490.5,490.5,1992-08-02,799.3,308.8,59.7,6263.2,1332.3,1423.0000000000005,8.8
CPB,1991,1991-07-28,4095.5,508,0.79,755.2,2108.6,-90.2,401.5,401.5,1991-07-28,667.4,265.9,56.3,6204.1,1262.9,1353.3999999999996,2.4
CPB,1990,1990-07-29,4258.2,518.4,0.43,259.9,1947.6,-94,4.4,4.4,1990-07-29,179.4,175,53.7,6205.8,1271.2,1687.6999999999998,13.5
CPB,1989,1989-07-30,4001.6,517.2,0.46,151.9,1670.5,-55.8,13.1,13.1,1989-07-30,106.5,93.4,47.7,5672.1,1070.9,1518.6,10.4
CPB,1988,1988-07-31,3392.8,517.6,0.52,403,1476.1,-20.7,274.1,241.6,1988-07-31,388.6,147,46.9,4868.9,965.9,1073.0999999999995,6.3
CPB,1987,1987-08-02,3180.5,519.2,0.48,425,1309.9,-22.2,247.3,247.3,1987-08-02,417.9,170.6,44.8,4490.4,840.1,884.9000000000001,15.1
CPB,1986,1986-08-03,3082.7,517.6,0.43,411.5,1204.1,-28.6,223.2,223.2,1986-08-03,387.2,164,42.2,4286.8,740.3,792.6000000000004,4.3
CPB,1985,1985-07-28,2879.7,516.6,0.38,363.7,1036.9,-32.1,197.8,197.8,1985-07-28,333.7,135.9,34.5,3916.6,629.6,673.2000000000003,2.1
CPB,1984,1984-07-29,2700.8,516.1,0.37,359,956.7,-26.6,191.2,191.2,1984-07-29,332.4,141.2,169.6,3657.4,428.1,597.5999999999999,0
CPB,1983,1983-07-31,2444.2,515.7,0.32,345.3,848.2,-39.3,165,165,1983-07-31,306,141,135.9,3292.4,367.1,502.9000000000001,0
CASY,2020,2020-04-30,7030.612,37.18583,7.19225,395.467,2144.684,-53.419,263.846,263.846,2020-04-30,342.048,78.202,,9175.296,,1749.2169999999996,
CASY,2019,2019-04-30,7398.186,36.97539,5.53853,319.058,1954.724,-55.656,203.886,203.886,2019-04-30,263.402,59.516,,9352.91,,1635.666000000001,
CASY,2018,2018-04-30,6621.731,38.1321,3.80901,265.377,1769.393,-50.94,317.903,144.903,2018-04-30,214.437,69.534,,8391.124,,1504.0160000000005,
CASY,2017,2017-04-30,5825.426,39.579,4.49605,311.204,1681.161,-41.536,177.485,177.485,2017-04-30,269.668,92.183,,7506.587,,1369.9569999999994,
CASY,2016,2016-04-30,5508.465,39.422,5.7591,388.879,1613.621,-40.173,225.982,225.982,2016-04-30,348.706,122.724,,7122.086,,1224.7420000000002,
CASY,2015,2015-04-30,6327.431,39.104,4.64841,323.25,1439.785,-41.225,180.628,180.628,2015-04-30,282.025,101.397,,7767.216,,1116.5350000000008,
CASY,2014,2014-04-30,6618.2,38.9,3.31,233.6,1222,-39.9,126.8,126.8,2014-04-30,193.6,66.8,,7840.3,,988.5,
CASY,2013,2013-04-30,6179.8,38.6,2.75,198.9,1071.1,-35.3,103.8,103.8,2013-04-30,163.6,59.8,,7250.8,,872.1999999999998,
CASY,2012,2012-04-30,5987.7,38.4,2.99,215.2,1000.1,-35.2,114.7,114.7,2012-04-30,180,65.3,,6987.8,,784.9000000000005,
CASY,2011,2011-04-30,4754.2,42.6,2.39,179.7,881.1,-28.5,94.6,94.6,2011-04-30,151.2,56.6,,5635.2,,701.3000000000002,
CASY,2010,2010-04-30,3844.7,51.1,2.29,192.5,792.4,-10.9,117,117,2010-04-30,181.6,64.6,,4637.1,,599.9000000000005,
CASY,2009,2009-04-30,3964.5,50.9,1.7,149.8,723.4,-10.6,85.7,85.7,2009-04-30,139.2,53.4,,4687.9,,573.6000000000004,
CASY,2008,2008-04-30,4141.1,50.9,1.67,143.8,686,-9.8,84.9,85,2008-04-30,134.1,49.1,,4827.1,,542.0999999999995,
CASY,2007,2007-04-30,3440.7,50.7,1.25,108.9,583.3,-11.2,61.9,63.5,2007-04-30,97.7,34.2,,4024,,474.4000000000001,
CASY,2006,2006-04-30,2987.5,50.6,1.24,107,527.6,-8.9,60.5,62.9,2006-04-30,98.1,35.2,,3515.1,,420.5999999999999,
CASY,2005,2005-04-30,2352.6,50.3,0.85,76.5,457.9,-10.7,36.8,42.5,2005-04-30,65.7,23.2,,2810.5,,381.4000000000001,
CASY,2004,2004-04-30,1943.2,50,0.73,65.3,426,-12.4,36.5,36.5,2004-04-30,52.9,16.5,,2369.1,,360.60000000000014,
CASY,2003,2003-04-30,1744,49.7,0.8,76,414.1,-13,39.5,39.5,2003-04-30,63,23.4,,2158.1,,338.0999999999999,
CASY,2002,2002-04-30,1661.6,49.7,0.64,63.3,395.4,-12.8,31.7,31.7,2002-04-30,50.6,18.8,,2057,,332.10000000000014,
CASY,2001,2001-04-30,1560.8,49.6,0.71,67.6,366.7,-12,35,35,2001-04-30,55.6,20.6,,1927.5,,299.10000000000014,
CASY,2000,2000-04-30,1322.8,52.1,0.76,72.1,330.6,-9.3,39.4,39.4,2000-04-30,62.8,23.4,,1653.5,,258.60000000000014,
CASY,1999,1999-04-30,961.9,52.9,0.76,71.4,294.6,-7,40.2,40.2,1999-04-30,64.4,24.1,,1256.5,,223.19999999999993,
CASY,1998,1998-04-30,930.5,52.9,0.63,59.5,261.5,-5.9,33.5,33.5,1998-04-30,53.5,20.1,,1192,,202,
CASY,1997,1997-04-30,886.3,52.6,0.51,49.2,227.9,-6,27,27,1997-04-30,43.2,16.2,,1114.2,,178.70000000000005,
CASY,1996,1996-04-30,748.2,52.5,0.51,48.7,212,-5.7,26.8,26.8,1996-04-30,43,16.2,,960.1,,163.19999999999993,
CASY,1995,1995-04-30,665.9,52.3,0.44,42.9,188.2,-5.6,22.9,22.9,1995-04-30,37.4,14.5,,854.1,,145.30000000000007,
CASY,1994,1994-04-30,574.1,52,0.34,27,162.2,,16.6,16.6,1994-04-30,27,10.5,,736.3,,135.19999999999993,
CASY,1993,1993-04-30,533.5,51.8,0.28,21.5,145.1,,13.3,13.3,1993-04-30,21.5,8.2,,678.6,,123.60000000000002,
CASY,1992,1992-04-30,480.4,51.6,0.25,18.5,131.2,,11.5,11.5,1992-04-30,18.5,7,,611.6,,112.70000000000005,
CASY,1991,1991-04-30,463.1,52.1,0.2,14.4,122,,9,9,1991-04-30,14.4,5.4,,585.1,,107.60000000000002,
CASY,1990,1990-04-30,394.2,45.8,0.18,13.3,111.3,,8.4,8.4,1990-04-30,13.3,5,,505.5,,97.90000000000003,
CASY,1989,1989-04-30,335.2,45.8,0.15,11.2,88.7,,7,7,1989-04-30,11.2,4.2,,423.9,,77.5,
CASY,1988,1988-04-30,263.6,54.1,0.19,17.7,77.4,,10.6,10.6,1988-04-30,17.7,7.1,,341,,59.69999999999999,
CASY,1987,1987-04-30,224.2,47.1,0.18,17,64.3,,8.6,8.6,1987-04-30,17,8.4,,288.5,,47.30000000000001,
CASY,1986,1986-04-30,237.7,44.8,0.14,10.8,47,,6.2,6.2,1986-04-30,10.8,4.6,,284.7,,36.19999999999999,
CASY,1985,1985-04-30,214.8,36.7,0.11,7.4,36.9,,4.1,4.4,1985-04-30,7.4,3,,251.6,,29.399999999999977,
CASY,1984,1984-04-30,192.1,31.3,0.07,4.5,28.9,,2.3,2.7,1984-04-30,4.5,1.8,,221,,24.400000000000006,
CASY,1983,1983-04-30,169,26.4,0.06,3,23.3,,1.8,1.8,1983-04-30,3,1.2,,192.3,,20.400000000000006,
KO,2019,2019-12-31,14619,4314,2.18161,9204,22647,840,8920,8985,2019-12-31,10786,1801,,37266,12150,13443,3
KO,2018,2018-12-31,13067,4299,2.00277,7483,21233,9,6434,6484,2018-12-31,8225,1741,,34300,10984,13750,733
KO,2017,2017-12-31,13721,4324,1.5285,7417,22491,1273,1248,4893,2017-12-31,6890,1997,,36212,12881,15074,-1800
KO,2016,2016-12-31,16465,4367,1.92213,7400,25398,464,6527,6550,2016-12-31,8136,1586,,41863,15392,17998,272
KO,2015,2015-12-31,17482,4405,2.10524,7722,26812,2031,7351,7366,2015-12-31,9605,2239,,44294,16451,19090,-148
KO,2014,2014-12-31,17889,4450,1.95,8505,28109,-196,7098,7124,2014-12-31,9325,2201,,45998,17273,19604,1016
KO,2013,2013-12-31,18421,4509,2,10728,28433,881,8584,8626,2013-12-31,11477,2851,,46854,17372,17705,-132
KO,2012,2012-12-31,19053,4584,1.99,11056,28964,988,9019,9086,2012-12-31,11809,2723,,48017,17711,17908,-235
KO,2011,2011-12-31,18216,4646,1.87,10732,28326,756,8572,8634,2011-12-31,11439,2805,,46542,17440,17594,-49
KO,2010,2010-12-31,12693,4666,1.55,13741,22426,609,11809,11859,2010-12-31,14243,2384,,35119,13158,8685,-107
KO,2009,2009-12-31,11088,4658,1.52,8231,19902,675,6824,6906,2009-12-31,8946,2040,,30990,11358,11671,40
KO,2008,2008-12-31,11374,4672,1.3,8446,20570,-979,5807,5807,2008-12-31,7439,1632,,31944,11774,12124,-28
KO,2007,2007-12-31,10406,4662,1.32,7252,18451,448,5981,5981,2007-12-31,7873,1892,,28857,10945,11199,173
KO,2006,2006-12-31,8164,4700,1.11,6308,15924,75,5080,5080,2006-12-31,6578,1498,,24088,9431,9616,195
KO,2005,2005-12-31,8195,4786,1.03,6085,14909,698,4872,4872,2005-12-31,6690,1818,,23104,8739,8824,-93
KO,2004,2004-12-31,7638,4858,1.07,5698,14324,606,4847,4847,2004-12-31,6222,1375,,21962,8146,8626,-82
KO,2003,2003-12-31,7762,4924,0.97,5221,13282,412,4347,4347,2003-12-31,5495,1148,,21044,7488,8061,-138
KO,2002,2002-12-31,7105,4966,0.8,5458,12459,394,3050,3976,2002-12-31,5499,1523,,19564,7001,7001,-353
KO,2001,2001-12-31,6044,4974,0.8,5352,14048,279,3969,3979,2001-12-31,5670,1691,,20092,8696,8696,39
KO,2000,2000-12-31,6204,4974,0.62,3691,14254,-391,2177,2177,2000-12-31,3399,1222,,20458,9120,10563,99
KO,1999,1999-12-31,6009,4974,0.59,3982,13796,-261,2431,2431,1999-12-31,3819,1388,,19805,9001,9814,98
KO,1998,1998-12-31,5562,4992,0.71,4967,13251,1,3533,3533,1998-12-31,5198,1665,,18813,8284,8284,230
KO,1997,1997-12-31,6015,5030,0.82,5001,12853,471,4129,4129,1997-12-31,6055,1926,,18868,7852,7852,583
KO,1996,1996-12-31,6738,5046,0.69,3915,11808,594,3492,3492,1996-12-31,4596,1104,,18546,7893,7893,87
KO,1995,1995-12-31,6940,5098,0.59,4092,11078,216,2986,2986,1995-12-31,4328,1342,,18018,6986,6986,20
KO,1994,1994-12-31,6167,5198,0.49,3708,10005,116,2554,2554,1994-12-31,3728,1174,,16172,6297,6297,-96
KO,1993,1993-12-31,5160,5252,0.42,3102,8797,79,2176,2188,1993-12-31,3185,997,,13957,5695,5695,4
KO,1992,1992-12-31,5054,5336,0.35,2771,8020,58,1666,1885,1992-12-31,2747,862,,13074,5249,5249,-82
KO,1991,1991-12-31,4648,5390,0.3,2320,6924,22,1618,1618,1991-12-31,2383,765,,11572,4604,4604,41
KO,1990,1990-12-31,4209,5412,0.25,1951,6027,49,1381,1381,1990-12-31,2014,633,,10236,4076,4076,14
KO,1989,1989-12-31,3892,5578,0.2,1787,5074,-28,1724,1193,1989-12-31,1764,571,,8966,3348,3287,5
KO,1988,1988-12-31,3701,5858,0.18,1599,4637,16,1045,1045,1988-12-31,1582,537,,8338,3038,3038,-33
KO,1987,1987-12-31,3633,6038,0.15,1364,4025,47,917,917,1987-12-31,1411,494,,7658,2665,2661,
KO,1986,1986-12-31,3454,6189,0.13,1272,3523,98,934,934,1986-12-31,1405,471,,6977,2446,2251,35
KO,1985,1985-12-31,3860,6294,0.11,984,3352,-17,723,678,1985-12-31,1064,386,,7212,2368,2368,97
KO,1984,1984-12-31,3993,6346,0.1,1057,3371,5,628,628,1984-12-31,1067,439,,7364,2314,2314,5
KO,1983,1983-12-31,3773,6539,0.09,992,3056,10,562,557,1983-12-31,999,442,,6829,2064,2064,-3
CL,2019,2019-12-31,6360,861.1,2.9035,3547,9333,-145,2367,2527,2019-12-31,3301,774,,15693,5515,5786,-101
CL,2018,2018-12-31,6282,873,2.98122,3685,9262,-143,2400,2638,2018-12-31,3464,826,,15544,5356,5577,-78
CL,2017,2017-12-31,6099,887.8,2.85298,3687,9355,-102,2024,2449,2017-12-31,3487,1038,,15454,5314,5668,-98
CL,2016,2016-12-31,6026,898.4,2.83102,3943,9169,-99,2441,2586,2016-12-31,3738,1152,,15195,5066,5226,-106
CL,2015,2015-12-31,6615,909.7,2.25981,2789,9419,-26,1384,1548,2015-12-31,2763,1215,,16034,5400,6630,
CL,2014,2014-12-31,7139,924,2.83,3557,10138,-24,2180,2339,2014-12-31,3533,1194,,17277,5920,6581,-18
CL,2013,2013-12-31,7187,940,2.79,3556,10233,9,2241,2410,2013-12-31,3565,1155,,17420,6086,6677,-5
CL,2012,2012-12-31,7151,960,2.65,3889,9934,-15,2472,2631,2012-12-31,3874,1243,,17085,5917,6045,-1
CL,2011,2011-12-31,7144,984,2.49,3841,9590,-52,2431,2554,2011-12-31,3789,1235,,16734,5769,5749,-17
CL,2010,2010-12-31,6360,1022,2.42,3489,9204,-59,2203,2313,2010-12-31,3430,1117,,15564,5411,5715,-15
CL,2009,2009-12-31,6319,1049,2.19,3615,9008,-77,2291,2397,2009-12-31,3538,1141,,15327,5336,5393,29
CL,2008,2008-12-31,6645,1070,1.93,3021,8685,-96,1957,1957,2008-12-31,2925,968,,15330,5341,5664,0
CL,2007,2007-12-31,5889,1087,1.73,2653,7901,-157,1737,1737,2007-12-31,2497,759,,13790,4939,5248,13
CL,2006,2006-12-31,5340,1101,1.44,2161,6898,-159,1353,1353,2006-12-31,2002,648,,12238,4309,4737,0
CL,2005,2005-12-31,5092,1113,1.23,2215,6305,-136,1351,1351,2005-12-31,2079,728,,11397,3953,4090,
CL,2004,2004-12-31,4744,1139,1.19,2122,5840,-120,1327,1327,2004-12-31,2002,675,,10584,3625,3718,
CL,2003,2003-12-31,4456,1158,1.2,2166,5447,-124,1421,1421,2003-12-31,2042,621,,9903,3296,3281,
CL,2002,2002-12-31,4224,1178,1.09,2013,5070,-143,1288,1288,2002-12-31,1870,582,,9294,3034,3057,
CL,2001,2001-12-31,4237,1215,0.94,1835,5191,-166,1147,1147,2001-12-31,1669,522,,9428,3262,3356,
CL,2000,2000-12-31,4266,1255,0.85,1741,5092,-173,1064,1064,2000-12-31,1567,503,,9358,3300,3351,
CL,1999,1999-12-31,4224,1278,0.73,1566,4894,-172,937,937,1999-12-31,1395,457,,9118,3254,3328,
CL,1998,1998-12-31,4290,1297,0.65,1423,4681,-173,849,849,1998-12-31,1250,402,,8972,3197,3259,
CL,1997,1997-12-31,4462,1301,0.57,1286,4595,-184,740,740,1997-12-31,1102,362,,9057,3237,3309,
CL,1996,1996-12-31,4451,1287,0.49,1152,4298,-197,635,635,1996-12-31,955,320,,8749,3052,3146,
CL,1995,1995-12-31,4353,1182,0.31,364,4005,,172,172,1995-12-31,364,192,,8358,2880,3642,
CL,1994,1994-12-31,3913,1282,0.44,880,3675,,580,580,1994-12-31,880,300,,7588,2625,2795,
CL,1993,1993-12-31,3730,1366,0.39,836,3411,,190,548,1993-12-31,836,288,,7141,2457,2575,
CL,1992,1992-12-31,3708,1377,0.34,728,3299,,477,477,1992-12-31,728,251,,7007,2500,2571,
CL,1991,1991-12-31,3296,1111,0.27,218,2764,,125,125,1991-12-31,218,93,,6060,2142,2546,
CL,1990,1990-12-31,3121,1181,0.26,511,2570,,321,321,1990-12-31,511,190,,5691,2016,2059,
CL,1989,1989-12-31,2843,1157,0.24,447,2196,,280,280,1989-12-31,447,167,,5039,1760,1749,
CL,1988,1988-12-31,2725,1101,0.17,250,2009,,318,153,1988-12-31,250,98,,4734,1648,1759,
CL,1987,1987-12-31,2509,1108,0.12,40,1856,,54,1,1987-12-31,40,40,,4366,1568,1816,
CL,1986,1986-12-31,2892,1124,0.16,297,2092,,177,177,1986-12-31,297,120,,4985,1760,1796,
CL,1985,1985-12-31,2681,1258,0.13,275,1843,,109,168,1985-12-31,275,108,,4524,1566,1567,
CL,1984,1984-12-31,3070,1322,0.1,115,1840,,72,54,1984-12-31,115,62,,4910,1545,1725,
CL,1983,1983-12-31,2982,1306,0.15,350,1883,,198,198,1983-12-31,350,153,,4865,1549,1532,
CTVA,2019,2019-12-31,8575,749.5,0.40927,-331,5271,-185,-959,-270,2019-12-31,-316,-46,1147,13846,3065,5602,200
CTVA,2018,2018-12-31,9948,749.4,-3.68155,-6656,4339,-379,-5065,-6775,2018-12-31,-6806,-31,1355,14287,3041,10995,229
CTVA,2017,2017-12-31,8292,748.815,4.20404,588,5799,-74,2526,2561,2017-12-31,-385,-2946,1509,14091,2944,5211,-899
CTVA,2016,2016-12-31,8283,748.815,1.07557,422,5613,-101,496,521,2016-12-31,248,-273,1507,13896,2910,5191,-73
CVS,2019,2019-12-31,158719,1305,5.51501,11908,98057,-3035,6634,6631,2019-12-31,8997,2366,,256776,33061,86149,124
CVS,2018,2018-12-31,156447,1044,3.16078,4021,38132,-2619,-594,-696,2018-12-31,1406,2102,,194579,21368,34111,4
CVS,2017,2017-12-31,153448,1024,5.10383,9538,31338,-1062,6622,5131,2017-12-31,8268,3137,,184786,18809,21800,-208
CVS,2016,2016-12-31,146533,1079,5.2716,9743,31013,-1078,5317,5320,2016-12-31,8637,3317,,177546,18448,21270,-28
CVS,2015,2015-12-31,126762,1126,4.64298,9454,26528,-838,5237,5230,2015-12-31,8616,3386,,153290,17074,17074,
CVS,2014,2014-12-31,114000,1169,4.24,8278,25367,-600,4644,4645,2014-12-31,7678,3033,,139367,16568,17089,
CVS,2013,2013-12-31,102978,1226,3.75,8037,23783,-509,4592,4600,2013-12-31,7528,2928,,126761,15746,15746,
CVS,2012,2012-12-31,100627,1280,3.2,6880,22506,-557,3877,3882,2012-12-31,6323,2441,,123133,15278,15626,
CVS,2011,2011-12-31,86539,1347,2.59,6330,20561,-584,3461,3488,2011-12-31,5746,2258,,107100,,14231,
CVS,2010,2010-12-31,76156,1377,2.5,6165,20257,-536,3427,3439,2010-12-31,5629,2190,,96413,,14092,
CVS,2009,2009-12-31,78349,1450,2.56,6438,20380,-525,3696,3708,2009-12-31,5913,2205,,98729,,13942,
CVS,2008,2008-12-31,69182,1469,2.27,6046,18290,-510,3212,3344,2008-12-31,5537,2193,,87472,,12244,
CVS,2007,2007-12-29,60222,1372,1.92,4793,16108,-435,2637,2637,2007-12-29,4359,1722,,76330,,11314,
CVS,2006,2006-12-30,31875,853,1.6,2442,11939,-216,1369,1369,2006-12-30,2226,857,,43814,8764,9497,
CVS,2005,2005-12-31,27105,842,1.45,2020,9901,-111,1225,1225,2005-12-31,1909,684,,37006,7293,7882,
CVS,2004,2005-01-01,22563,831,1.1,1455,8031,-58,919,919,2005-01-01,1396,478,,30594,6080,6577,
CVS,2003,2004-01-03,19725,815,1.03,1424,6863,-48,847,847,2004-01-03,1376,528,,26588,5098,5439,
CVS,2002,2002-12-28,18113,811,0.88,1206,6069,-50,717,717,2002-12-28,1156,439,,24182,4552,4862,
CVS,2001,2001-12-29,16545,817,0.75,771,5697,-61,413,413,2001-12-29,710,296,,22241,4253,4926,
CVS,2000,2000-12-30,14726,816,0.91,1323,5362,-79,746,746,2000-12-30,1243,497,,20088,3742,4039,
CVS,1999,2000-01-01,13237,818,0.78,1136,4861,-59,635,635,2000-01-01,1076,441,,18098,3448,3726,
CVS,1998,1998-12-26,11144,810,0.6,772,4129,-61,396,396,1998-12-26,711,315,,15274,2949,3357,
CVS,1997,1997-12-31,9299,692,0.44,183,3440,-45,38,20,1997-12-31,138,118,,12738,2575,3257,0
CVS,1996,1996-12-31,3978,693,0.34,300,1550,104,75,240,1996-12-31,403,164,,5528,1174,1251,
CVS,1995,1995-12-31,6575,657,-0.04,-743,3114,-55,-657,-616,1995-12-31,-798,-182,,9689,2723,3857,
CVS,1994,1994-12-31,7253,422,0.73,611,4033,-33,307,359,1994-12-31,578,219,,11286,3216,3422,
CVS,1993,1993-12-31,6664,421,0.75,623,3771,-24,332,379,1993-12-31,600,220,,10435,2956,3148,
CVS,1992,1992-12-31,6529,418,0.86,361,3904,-25,133,210,1992-12-31,335,126,,10433,2995,3543,0
CVS,1991,1991-12-31,6164,414,0.83,670,3722,-30,347,397,1991-12-31,640,243,,9886,2914,3053,
CVS,1990,1990-12-31,5372,440,0.87,664,3314,-21,385,431,1990-12-31,633,202,,8687,2536,2651,-10
CVS,1989,1989-12-31,4564,447,0.88,708,2990,-4,398,441,1989-12-31,704,264,,7554,2184,2282,0
CVS,1988,1988-12-31,4086,439,0.81,589,2695,1,355,398,1988-12-31,586,188,,6780,2023,2105,-5
CVS,1987,1987-12-31,3568,435,0.66,524,2362,-1,285,328,1987-12-31,519,191,,5930,1767,1839,-4
CVS,1986,1986-12-31,3141,433,0.55,483,2121,0,238,286,1986-12-31,480,194,,5262,1574,1638,-4
CVS,1985,1985-12-31,2857,432,0.51,449,1917,-6,211,268,1985-12-31,439,171,,4775,1409,1469,-3
CVS,1984,1984-12-31,2586,423,0.47,416,1676,-14,190,244,1984-12-31,398,154,,4262,1207,1260,-3
CVS,1983,1983-12-31,2249,419,0.42,367,1499,-18,176,215,1983-12-31,346,131,,3747,1085,1132,-3
GIS,2020,2020-05-31,11413.8,613.3,3.47528,3066.7,6212.8,-466.5,2181.2,2119.7,2020-05-31,2600.2,480.5,,17626.6,3175.9,3146.1000000000004,
GIS,2019,2019-05-26,11010.6,605.4,3.29898,2603.8,5854.6,-521.8,1752.7,1707,2019-05-26,2082,375,,16865.2,2918.9,3250.7999999999993,
GIS,2018,2018-05-27,10306.4,585.7,2.97504,2509.3,5434,-373.7,2131,1554.8,2018-05-27,2135.6,580.8,,15740.4,2827.3,2924.7000000000007,
GIS,2017,2017-05-28,9966.6,598,3.00733,2566.4,5653.2,-295.1,1657.5,1616.1,2017-05-28,2271.3,655.2,,15619.8,2888.8,3086.7999999999993,
GIS,2016,2016-05-29,10653.8,611.9,2.92988,2707.4,5909.3,-303.8,1697.4,1648.4,2016-05-29,2403.6,755.2,,16563.1,3114.8,3201.9000000000015,
GIS,2015,2015-05-31,11517.4,618.8,2.55988,2077.3,6112.9,-315.4,1221.3,1175.1,2015-05-31,1761.9,586.8,,17630.3,3283.4,4035.6000000000004,
GIS,2014,2014-05-25,11535,646,2.76,2957,6375,-302,1824,1772,2014-05-25,2655,883,,17910,3464,3417,
GIS,2013,2013-05-26,11343,666,2.81,2852,6432,-317,1855,1794,2013-05-26,2535,741,,17774,3576,3579,
GIS,2012,2012-05-27,10613,667,2.43,2562,6045,-352,1567,1501,2012-05-27,2211,710,,16658,3381,3483,
GIS,2011,2011-05-29,8927,665,2.69,2775,5954,-346,1798,1707,2011-05-29,2428,721,,14880,3192,3179,
GIS,2010,2010-05-30,8923,683,2.3,2566,5874,-362,1531,1433,2010-05-30,2205,771,,14797,3249,3308,
GIS,2009,2009-05-31,9458,687,1.85,2323,5234,-390,1304,1213,2009-05-31,1933,720,,14691,2960,2910,
GIS,2008,2008-05-25,8778,694,1.87,2228,4874,-422,1295,1184,2008-05-25,1806,622,,13652,2625,2646,
GIS,2007,2007-05-27,7955,720,1.62,2058,4487,-427,1144,1071,2007-05-27,1631,560,,12442,2390,2429,
GIS,2006,2006-05-28,6966,758,1.48,1966,4674,-399,1090,1026,2006-05-28,1567,541,,11640,2678,2708,
GIS,2005,2005-05-29,6834,818,1.22,2270,4410,-455,1240,1151,2005-05-29,1815,664,,11244,2418,2140,
GIS,2004,2004-05-30,6584,826,1.32,2017,4486,-508,1055,981,2004-05-30,1509,528,,11070,2443,2469,
GIS,2003,2003-05-25,6109,756,1.27,1863,4397,-547,917,856,2003-05-25,1316,460,,10506,2472,2534,
GIS,2002,2002-05-26,4767,684,0.85,1083,3182,-416,458,428,2002-05-26,667,239,,7949,1909,2099,
GIS,2001,2001-05-27,2841,584,1.1,1204,4237,-206,665,648,2001-05-27,998,350,,7078,3067,3032,
GIS,2000,2000-05-28,2698,615,1,1099,4003,-152,614,611,2000-05-28,947,336,,6700,2904,2903,
GIS,1999,1999-05-30,2594,629,0.9,966,3653,-119,535,543,1999-05-30,847,304,,6246,2635,2686,
GIS,1998,1998-05-31,2389,649,0.81,784,3644,-117,422,425,1998-05-31,667,242,,6033,2499,2860,
GIS,1997,1997-05-25,2328,646,0.74,811,3281,-101,445,452,1997-05-25,710,258,,5609,2239,2471,
GIS,1996,1996-05-26,2241,648,0.74,860,3175,-101,476,479,1996-05-26,759,279,,5416,2128,2315,
GIS,1995,1995-05-28,2123,632,0.59,521,2904,-101,367,266,1995-05-28,420,153,,5027,2008,2383,
GIS,1994,1994-05-29,4458,636,0.88,853,4059,-99,470,470,1994-05-29,753,284,,8517,2756,3206,
GIS,1993,1993-05-30,4298,652,0.78,918,3837,-74,506,506,1993-05-30,844,338,,8135,2645,2919,
GIS,1992,1992-05-31,4123,663,0.75,903,3655,-58,496,506,1992-05-31,845,339,,7778,2516,2752,
GIS,1991,1991-05-26,3722,658,0.71,827,3431,-61,473,464,1991-05-26,766,301,,7153,2386,2605,
GIS,1990,1990-05-27,3485,658,0.57,645,2963,-32,381,374,1990-05-27,613,239,,6448,2138,2318,
GIS,1989,1989-05-28,3115,656,0.48,545,2506,-28,262,315,1989-05-28,518,202,,5621,1809,1961,
GIS,1988,1988-05-29,2848,696,0.38,481,2331,-38,283,265,1988-05-29,443,177,,5179,1711,1850,
GIS,1987,1987-05-31,2834,710,0.31,466,2355,-33,222,222,1987-05-31,433,211,,5189,1756,1889,
GIS,1986,1986-05-25,2564,714,0.26,362,2023,-39,184,184,1986-05-25,324,140,,4587,1546,1660,
GIS,1985,1985-05-26,2475,715,0.22,256,1810,-60,-73,115,1985-05-26,196,81,,4285,1368,1554,
GIS,1984,1984-05-27,2433,750,0.23,376,1686,-19,233,203,1984-05-27,357,154,,4118,1264,1310,
JJSF,2019,2019-09-28,836.086,18.959,4.95459,116.956,350.401,9.621,94.819,93.934,2019-09-28,126.577,32.643,,1186.487,232.037,233.44499999999994,
JJSF,2018,2018-09-29,801.979,18.817,3.98554,110.775,336.286,7.377,103.596,74.996,2018-09-29,118.152,43.156,,1138.265,225.443,225.51099999999997,
JJSF,2017,2017-09-30,753.201,18.816,4.2078,118.107,331.023,4.093,79.174,79.174,2017-09-30,122.2,43.026,,1084.224,213.061,212.91599999999994,
JJSF,2016,2016-09-24,688.314,18.769,4.0479,112.81,304.467,4.009,75.975,75.975,2016-09-24,116.819,40.844,,992.781,191.376,191.65700000000004,
JJSF,2015,2015-09-26,675.366,18.819,3.72937,110.888,300.89,1.031,70.183,70.183,2015-09-26,111.919,41.736,,976.256,190.209,190.00200000000007,
JJSF,2014,2014-09-27,631.9,18.8,3.85,106.8,287.6,4.4,71.8,71.8,2014-09-27,111.2,39.4,,919.5,179.6,180.70000000000005,0.2
JJSF,2013,2013-09-28,604.4,18.9,3.44,97.4,263.3,3.4,64.4,64.4,2013-09-28,100.8,36.4,,867.7,166.5,165.89999999999998,-1.5
JJSF,2012,2012-09-29,580.6,18.9,2.87,85,250.2,1.3,54.1,54.1,2012-09-29,86.3,32.2,,830.8,164.4,165.19999999999993,0.5
JJSF,2011,2011-09-24,514.3,18.8,2.72,76.6,229.8,0.9,55.1,55.1,2011-09-24,84.1,29,,744.1,152.1,153.20000000000005,0.5
JJSF,2010,2010-09-25,468.9,18.7,2.59,77.2,227.8,0.9,48.4,48.4,2010-09-25,78.1,29.7,,696.7,148.3,150.60000000000002,2.1
JJSF,2009,2009-09-26,444.2,18.7,2.21,66.9,208.8,1.3,41.3,41.3,2009-09-26,68.2,26.9,,653,141.9,141.90000000000003,0
JJSF,2008,2008-09-27,442.5,19,1.47,43.3,186.9,2.5,27.9,27.9,2008-09-27,45.9,18,,629.4,143.9,143.5,-0.4
JJSF,2007,2007-09-29,382.4,19,1.69,48.6,186.5,2.6,32.1,32.1,2007-09-29,51.2,19,,568.9,139.3,137.89999999999998,-1.4
JJSF,2006,2006-09-30,342.4,18.8,1.6,45.1,172.4,3,29.5,29.5,2006-09-30,48.1,18.6,,514.8,126.2,127.40000000000003,-0.1
JJSF,2005,2005-09-24,302.1,18.6,1.4,40.2,155,1.6,26,26,2005-09-24,41.8,15.8,,457.1,114.4,114.79999999999995,0.4
JJSF,2004,2004-09-25,276.4,18.3,1.24,35.2,140.2,0.5,22.7,22.7,2004-09-25,35.6,12.9,,416.6,105,105,0
JJSF,2003,2003-09-27,239.7,18.1,1.1,30.8,124.8,0.2,19.9,19.9,2003-09-27,31.1,11.2,,364.6,94.4,94,0
JJSF,2002,2002-09-28,233.7,18.2,1,28.3,119.5,-0.3,18.1,18.1,2002-09-28,28,9.9,,353.2,91.2,91.19999999999999,0
JJSF,2001,2001-09-29,219.6,17.5,0.83,21.2,108.7,-2.8,11.9,11.9,2001-09-29,18.6,6.7,,328.3,85.6,87.6,0.2
JJSF,2000,2000-09-30,193.4,18.1,0.69,18.1,103.4,-2.3,10,10,2000-09-30,15.8,5.9,,296.8,82,85.29999999999998,0.1
JJSF,1999,1999-09-25,135,19.1,0.9,25,151.5,-2.7,14.3,14.3,1999-09-25,22.6,8.4,,286.5,123.6,126.5,0.4
JJSF,1998,1998-09-26,126.8,18.7,0.78,20.5,135.6,-2.5,11.9,11.9,1998-09-26,18.8,7,,262.4,112.3,115.10000000000001,0.8
JJSF,1997,1997-09-27,112.2,18,0.55,11.6,108.2,0.2,8.2,8.2,1997-09-27,12,3.8,,220.3,94.8,96.49999999999999,0.1
JJSF,1996,1996-09-28,94,18,0.37,7.9,92,1.1,5.8,5.8,1996-09-28,9,3.2,,186,83.2,84.1,0
JJSF,1995,1995-09-30,92.9,19.1,0.35,7,92.5,0.9,5.8,5.8,1995-09-30,9.3,3.5,,185.4,84.6,85.5,1.4
JJSF,1994,1994-09-24,82.7,20.9,0.45,12.4,91.7,-0.5,8.5,8.5,1994-09-24,13.7,5.1,,174.4,78.4,79.3,1.7
JJSF,1993,1993-09-25,66.1,20.9,0.44,12.2,81.1,-0.4,8.4,8.4,1993-09-25,13.1,4.8,,147.2,68,68.9,1.3
JJSF,1992,1992-09-26,60.4,21.6,0.32,8,66.6,-0.4,5.9,5.9,1992-09-26,9,3.1,,126.9,57.5,58.50000000000001,1.4
JJSF,1991,1991-09-28,52.8,18.3,0.4,9.3,56.8,-0.8,6.1,6.1,1991-09-28,9.3,3.3,,109.7,46.4,47.60000000000001,0.8
JJSF,1990,1990-09-29,48.9,16.9,0.28,6,47.5,-0.9,3.7,3.7,1990-09-29,5.8,2.1,,96.4,40.5,41.6,0.7
JJSF,1989,1989-09-30,41.9,17.1,0.42,10.3,44.9,-1.8,5.9,5.9,1989-09-30,9.4,3.5,,86.9,33.8,34.699999999999996,0.8
JJSF,1988,1988-09-24,34.3,16.5,0.31,7.3,36.8,-2.2,4.2,4,1988-09-24,6.4,2.3,,71.1,28.7,29.5,1.3
JJSF,1987,1987-09-26,24.6,13.8,0.23,5.5,23.1,-1.3,2.7,3.1,1987-09-26,5.2,2.1,,47.7,17.1,17.6,1
JJSF,1986,1986-09-27,12.8,10.5,0.17,2.6,12.6,-0.5,1.6,1.6,1986-09-27,2.7,1.1,,25.4,9.8,10,0.5
JJSF,1985,1985-09-28,10,8.4,0.15,2.8,8.8,-0.5,1.3,1.3,1985-09-28,2.4,1.1,,18.8,5.9,6,0
JJSF,1984,1984-09-29,8.5,8.4,0.09,1.9,6.6,-0.5,0.8,0.8,1984-09-29,1.4,0.6,,15.1,4.7,4.699999999999999,0
K,2019,2019-12-28,9235,343,3.44074,1396,4343,-264,960,984,2019-12-28,1305,321,144,13578,2755,2947,173
K,2018,2018-12-29,8910,348,3.76076,1706,4637,-271,1336,1137,2018-12-29,1329,192,154,13547,2793,2931,-106
K,2017,2017-12-30,8367,350,3.82644,1387,4487,-266,1254,1255,2017-12-30,1657,402,148,12854,2852,3100,536
K,2016,2016-12-31,8279,354,1.98303,1483,4686,-406,699,699,2016-12-31,934,235,182,12965,3017,3203,-143
K,2015,2016-01-02,8191,356,3.61678,1091,5334,-215,614,614,2016-01-02,773,159,193,13525,3150,4243,-103
K,2014,2015-01-03,9422,360,2.49,1024,5158,-208,632,639,2015-01-03,825,186,,14580,4014,4134,9
K,2013,2013-12-28,8637,365,5.47,2837,6155,-225,1807,1814,2013-12-28,2606,792,,14792,3220,3318,-6
K,2012,2012-12-29,8733,360,2.86,1562,5464,-253,961,962,2012-12-29,1325,363,,14197,3799,3902,16
K,2011,2011-12-31,7750,364,3.5,1976,5448,-233,1231,1229,2011-12-31,1732,503,,13198,3447,3472,-11
K,2010,2011-01-01,7108,378,3.48,1990,5289,-248,1247,1240,2011-01-01,1742,502,,12397,3249,3299,0
K,2009,2010-01-02,7184,384,3.28,2001,5391,-301,1212,1208,2010-01-02,1684,476,,12575,3365,3390,-16
K,2008,2009-01-03,7455,385,2.98,1953,5367,-283,1148,1148,2009-01-03,1633,485,,12822,3414,3414,-37
K,2007,2007-12-29,6597,400,2.76,1868,5179,-304,1103,1103,2007-12-29,1547,444,,11776,3311,3311,-17
K,2006,2006-12-31,6082,400,2.51,1766,4825,-299,1004,1004,2006-12-31,1471,467,,10907,3059,3059,4
K,2005,2005-12-31,5612,416,2.36,1750,4566,-300,980,980,2005-12-31,1425,445,,10177,2815,2815,-25
K,2004,2005-01-01,5299,416,2.14,1681,4315,-309,891,891,2005-01-01,1366,475,,9614,2634,2634,-7
K,2003,2003-12-27,4899,411,1.92,1544,3913,-371,787,787,2003-12-27,1170,382,,8812,2369,2368,-3
K,2002,2002-12-28,4569,412,1.75,1508,3735,-391,721,721,2002-12-28,1144,423,,8304,2227,2227,27
K,2001,2001-12-31,4129,407,1.23,1168,4725,-352,474,482,2001-12-31,804,322,,8853,3524,3556,-12
K,2000,2000-12-31,3327,406,1.61,990,3628,-138,588,588,2000-12-31,868,280,,6955,2551,2638,15
K,1999,1999-12-31,3325,406,1.63,829,3659,-119,338,338,1999-12-31,537,198,,6984,2586,2830,-5
K,1998,1998-12-31,3283,409,1.34,895,3480,-120,503,503,1998-12-31,783,280,,6762,2514,2584,7
K,1997,1997-12-31,3270,415,1.63,1009,3560,-108,546,564,1997-12-31,905,341,,6830,2367,2551,4
K,1996,1996-12-31,3123,426,1.44,959,3554,-66,531,531,1996-12-31,860,329,,6677,2459,2595,-33
K,1995,1995-12-31,3178,438,1.71,838,3826,-63,490,490,1995-12-31,796,306,,7004,2567,2988,21
K,1994,1994-12-31,2951,448,1.57,1163,3611,-45,705,705,1994-12-31,1130,425,,6562,2449,2448,13
K,1993,1993-12-31,2989,463,1.47,1069,3306,-33,681,681,1993-12-31,1034,353,,6295,2238,2238,-2
K,1992,1992-12-31,2988,478,1.43,1063,3203,-29,431,683,1992-12-31,1070,388,,6191,2140,2140,37
K,1991,1991-12-31,2829,482,1.26,1028,2958,-58,606,606,1991-12-31,984,378,,5787,1930,1930,15
K,1990,1990-12-31,2677,483,1.04,886,2505,-66,503,503,1990-12-31,815,312,,5181,1619,1618,-5
K,1989,1989-12-31,2414,488,0.86,733,2238,-48,470,422,1989-12-31,667,245,,4652,1505,1505,-17
K,1988,1988-12-31,2233,493,0.97,794,2115,-39,480,480,1988-12-31,775,294,,4349,1321,1322,19
K,1987,1987-12-31,1939,495,0.8,691,1854,-31,396,396,1987-12-31,666,270,,3793,1163,1163,6
K,1986,1986-12-31,1745,494,0.65,647,1596,-42,319,319,1986-12-31,587,268,,3341,949,948,-19
K,1985,1985-12-31,1605,493,0.57,558,1325,-35,281,281,1985-12-31,527,246,,2930,767,767,4
K,1984,1984-12-31,1488,598,0.42,463,1114,-19,251,251,1984-12-31,476,226,,2602,651,651,32
K,1983,1983-12-31,1412,612,0.4,414,969,-7,243,243,1983-12-31,444,201,,2381,554,555,37
KDP,2019,2019-12-31,4778,1419.1,0.88627,2373,6342,-672,1254,1254,2019-12-31,1694,440,81,11120,3737,3969,-7
KDP,2018,2018-12-31,3560,1097.6,0.53001,1236,3882,-425,586,584,2018-12-31,791,207,64,7442,2441,2646,-20
KDP,2017,2017-12-31,2695,182.8,4.48731,1326,3995,-161,1076,781,2017-12-31,1173,392,20,6690,2536,2669,8
KDP,2016,2016-12-31,2582,186.6,4.64905,1402,3858,-144,847,849,2016-12-31,1283,434,20,6440,2309,2456,25
KDP,2015,2015-12-31,2559,192.4,3.97089,1298,3723,-115,764,764,2015-12-31,1184,420,19,6282,2294,2425,1
KDP,2014,2014-12-31,2491,197.4,3.5613,1180,3630,-107,703,702,2014-12-31,1073,371,18,6121,2290,2450,0
KDP,2013,2013-12-31,2499,204.5,3.05,1046,3498,-121,624,623,2013-12-31,542,-81,15,5997,2257,2452,-383
KDP,2012,2012-12-31,2500,212.3,2.96,1092,3495,-123,629,629,2012-12-31,978,349,15,5995,2256,2403,9
KDP,2011,2011-12-31,2485,221.2,2.74,1024,3418,-111,606,605,2011-12-31,925,320,15,5903,2242,2394,12
KDP,2010,2010-12-31,2243,242.6,2.44,925,3393,-125,528,527,2010-12-31,821,294,16,5636,2217,2468,21
KDP,2009,2009-12-31,2234,255.2,2.17,1085,3297,-239,555,553,2009-12-31,868,315,15,5531,2120,2212,22
KDP,2008,2008-12-31,2590,254,1.66,-168,3120,-225,-312,-314,2008-12-31,-375,-61,,5710,2075,3288,18
KDP,2007,2007-12-31,2617,253.5,1.99,1004,3131,-189,497,495,2007-12-31,817,322,,5748,2018,2127,2
KDP,2006,2006-12-31,1994,253.5,2,1018,2741,-211,510,507,2006-12-31,805,298,,4735,1659,1723,-2
KDP,2005,2006-01-01,1120,253.5,1.86,906,2085,-170,477,466,2006-01-01,787,321,,3205,1179,1179,51
KDP,2004,2005-01-02,1051,253.5,1.84,834,2014,-129,446,433,2005-01-02,703,270,,3065,1135,1180,-2
MKC,2019,2019-11-30,3202.1,134.1,5.35396,957.7,2145.3,-155.8,702.7,660.3,2019-11-30,819.2,158.9,67.3,5347.4,1099.5,1187.6,17.3
MKC,2018,2018-11-30,3209.5,133.2,4.97862,891.1,2093.3,-167.7,933.4,597.1,2018-11-30,741.3,144.2,69.4,5302.8,1094,1202.1999999999998,17.9
MKC,2017,2017-11-30,2936.3,128.4,4.08391,699.8,1794,-91.3,477.4,443.5,2017-11-30,594.8,151.3,66.1,4730.3,965.1,1094.1999999999998,-13.7
MKC,2016,2016-11-30,2579.8,128,3.87608,641,1831.7,-56,472.3,436.2,2016-11-30,589.2,153,61,4411.5,1108.5,1190.6999999999998,4.2
MKC,2015,2015-11-30,2559,129.2,3.57616,548.4,1737.3,-53.3,401.6,364.9,2015-11-30,496.2,131.3,60.8,4296.3,1063,1188.9,1.1
MKC,2014,2014-11-30,2513,131,3.43,603,1730.2,-49.7,437.9,408.5,2014-11-30,554.4,145.9,62,4243.2,1060,1127.1999999999998,1.1
MKC,2013,2013-11-30,2457.6,133.6,3.16,550.5,1665.8,-53.3,389,365.8,2013-11-30,499.4,133.6,61.3,4123.4,1009.4,1115.3000000000002,2.2
MKC,2012,2012-11-30,2396.4,134.3,3.05,578.3,1617.8,-54.6,407.8,386.3,2012-11-30,526.1,139.8,,4014.2,1037.8,1039.5,2.4
MKC,2011,2011-11-30,2175.1,134.3,2.84,540.3,1522.5,-51.2,374.2,348.8,2011-11-30,491.4,142.6,,3697.6,971.3,982.2000000000003,2.3
MKC,2010,2010-11-30,1919.1,134.7,2.75,509.8,1417.7,-49.3,370.2,344.7,2010-11-30,462.7,118,,3336.8,907.8,907.9000000000001,2.2
MKC,2009,2009-11-30,1864.9,132.3,2.43,466.9,1327.2,-52.8,299.8,283.5,2009-11-30,416.5,133,,3192.1,846.6,860.2999999999997,2.4
MKC,2008,2008-11-30,1888.4,131.8,2.33,376.5,1288.2,-56.7,255.8,237.2,2008-11-30,337.8,100.6,,3176.6,870.6,911.6999999999998,18
MKC,2007,2007-11-30,1724.4,132.7,2.07,354.2,1191.8,-60.6,230,210.1,2007-11-30,302.4,92.2,,2916.2,806.9,837.5999999999999,8.8
MKC,2006,2006-11-30,1601.8,135,2.32,269.6,1114.6,-53.7,202.2,158.3,2006-11-30,223,64.7,,2716.4,772.6,845.0000000000002,7.1
MKC,2005,2005-11-30,1555.4,138.1,1.66,343.5,1036.6,-48.2,214.9,199,2005-11-30,295.7,96.7,,2592,681.9,693.0999999999999,0.4
MKC,2004,2004-11-30,1518.3,141.3,1.51,332.7,1007.9,-41,214.5,204.8,2004-11-30,293.8,89,,2526.2,677.7,675.2,2.1
MKC,2003,2003-11-30,1371,142.6,1.42,295.5,898.6,-38.6,210.8,186.6,2003-11-30,270,83.4,,2269.6,597.6,603.0999999999999,13.1
MKC,2002,2002-11-30,1463.4,142.3,1.3,277.7,856.6,-43.6,179.8,160.5,2002-11-30,234.8,74.3,,2320,570.9,578.8999999999999,0.7
MKC,2001,2001-11-30,1401,140.2,1.18,240.6,971.3,-52.9,146.6,127.5,2001-11-30,190.4,62.9,,2372.3,719.9,730.6999999999998,2.7
MKC,2000,2000-11-30,1318.7,139.2,0.99,225,804.8,-39.7,137.5,119.4,2000-11-30,186,66.6,,2123.5,578.7,579.8,0.7
MKC,1999,1999-11-30,1289.7,144,0.79,176.9,717.2,-32.4,103.3,89.9,1999-11-30,150,60.1,,2006.9,522.3,540.3,5.5
MKC,1998,1998-11-30,1232.2,147.6,0.71,182.8,648.9,-36.9,103.8,97.6,1998-11-30,152.5,54.9,,1881.1,463.8,466.0999999999999,6.6
MKC,1997,1997-11-30,1172.3,151.8,0.63,170.8,628.6,-36.3,98.4,89.7,1997-11-30,142.3,52.7,,1801,461,457.79999999999995,7.8
MKC,1996,1996-11-30,1128,161.4,0.49,93.3,604.5,-33.8,41.9,37.9,1996-11-30,61.7,23.9,,1732.5,453.1,511.20000000000005,2.3
MKC,1995,1995-11-30,1211.5,162.7,0.58,205,647.2,-55.3,97.5,95.5,1995-11-30,149.2,53.7,,1858.7,446.1,442.20000000000005,-0.5
MKC,1994,1994-11-30,1066.6,162.5,0.64,128.2,628.2,-38.7,61.2,53.2,1994-11-30,87,33.8,,1694.8,429.5,499.9000000000001,-2.6
MKC,1993,1993-11-30,953.4,163.6,0.61,180.5,603.2,-31.1,73.1,89.4,1993-11-30,149.9,60.5,,1556.6,422.7,422.69999999999993,0.5
MKC,1992,1992-11-30,887.4,163.8,0.58,167.2,584,-30.9,95.2,85.3,1992-11-30,138.3,53,,1471.4,416.8,416.80000000000007,2
MKC,1991,1991-11-30,886.5,164.8,0.49,145.6,541.4,-27.5,80.9,72.1,1991-11-30,114.9,42.8,,1427.9,395.8,395.79999999999995,-3.2
MKC,1990,1990-11-30,838.2,167.4,0.41,127.1,484.8,-29.3,69.4,65.7,1990-11-30,104.3,38.6,,1323,357.7,357.70000000000005,6.5
MKC,1989,1989-11-30,805.9,175.5,0.3,102,440.2,-32.9,135.5,49,1989-11-30,78.5,29.5,,1246.1,338.2,338.19999999999993,9.5
MKC,1988,1988-11-30,812.6,186.1,0.19,94.8,407.7,-35.9,42.7,35.9,1988-11-30,63.8,27.8,,1220.4,312.9,312.9999999999999,4.8
MKC,1987,1987-11-30,710.2,188.8,0.16,63.1,368.3,-30.9,30.6,22.3,1987-11-30,40.6,18.3,,1078.5,305.2,305.19999999999993,8.4
MKC,1986,1986-11-30,637.4,193.7,0.15,66.9,338.3,-19.1,29.7,22,1986-11-30,43.4,21.5,,975.7,271.4,271.4,-4.4
MKC,1985,1985-11-30,564.6,196,0.14,60.6,308.5,-19.6,27.8,21.1,1985-11-30,39.3,18.1,,873,247.9,247.89999999999998,-1.7
MKC,1984,1984-11-30,503,198.4,0.28,65.2,285.3,-13,54.6,26.8,1984-11-30,51.6,24.8,,788.4,220.2,220.20000000000005,-0.5
MKC,1983,1983-11-30,464.3,199.4,0.2,66.7,278.9,-10.9,40.1,26.4,1983-11-30,52.1,25.7,,743.2,212.2,212.09999999999997,-3.7
MCK,2020,2020-03-31,219028,182,6.12994,2903,12023,-1686,900,1126,2020-03-31,1144,18,96,231051,9086,9120,-73
MCK,2019,2019-03-31,202565,197,7.71574,776,11754,-210,34,168,2019-03-31,610,442,71,214319,8403,10978,44
MCK,2018,2018-03-31,197173,209,3.8799,640,11184,-408,67,-575,2018-03-31,239,814,125,208357,8138,10544,7
MCK,2017,2017-03-31,187262,223,11.31026,7122,11271,-249,5070,5277,2017-03-31,6891,1614,341,198533,7447,4149,18
MCK,2016,2016-03-31,179468,233,10.45616,3545,11416,-353,2258,2342,2016-03-31,3250,908,392,190884,7276,7871,58
MCK,2015,2015-03-31,167634,235,8.65651,2968,11411,-342,1476,1842,2015-03-31,2657,815,392,179045,7901,8443,31
MCK,2014,2014-03-31,129266,233,6.78,2367,8343,-283,1263,1354,2014-03-31,2096,742,456,137609,5418,5976,12
MCK,2013,2013-03-31,115471,239,6.14,2124,6984,-215,1338,1338,2013-03-31,1919,581,480,122455,4198,4860,10
MCK,2012,2012-03-31,116136,251,6.1,2143,6598,-223,1403,1403,2012-03-31,1919,516,440,122734,3829,4455,-1
MCK,2011,2011-03-31,106042,263,5.47,1837,6042,-210,1202,1130,2011-03-31,1635,505,407,112084,3529,4205,8
MCK,2010,2010-03-31,103026,273,4.66,2008,5676,-148,1263,1263,2010-03-31,1864,601,376,108702,3312,3668,4
MCK,2009,2009-03-31,101254,279,4.58,1133,5378,-82,823,823,2009-03-31,1064,241,364,106632,3325,4245,13
MCK,2008,2008-03-31,96694,298,3.84,1478,5009,-32,990,989,2008-03-31,1457,468,347,101703,3189,3531,11
MCK,2007,2007-03-31,88645,305,3.59,1264,4332,27,913,968,2007-03-31,1297,329,284,92977,2790,3068,6
MCK,2006,2006-03-31,84188,316,2.83,1114,3862,30,751,737,2006-03-31,1158,421,223,88050,2480,2748,14
MCK,2005,2005-03-31,77050,294,2.52,-191,3465,-118,-157,-157,2005-03-31,-240,-83,182,80515,2273,3655,69
MCK,2004,2004-03-31,66258,299,2.54,983,3248,-121,647,647,2004-03-31,911,265,173,69506,2092,2265,49
MCK,2003,2003-03-31,54018,299,2.18,930,3103,-113,562,568,2003-03-31,862,293,149,57121,2023,2173,45
MCK,2002,2002-03-31,47209,298,1.73,694,2797,-127,425,425,2002-03-31,607,183,135,50006,1946,2103,40
MCK,2001,2001-03-31,39579,283,-0.15,208,2431,-233,-42,-37,2001-03-31,16,52,148,42010,2076,2223,40
MCK,2000,2000-03-31,34412,281,0.66,158,2322,155,730,191,2000-03-31,313,122,113,36734,2052,2164,
MCK,1999,1999-03-31,27717,300,0.3,332,2666,-124,91,91,1999-03-31,208,117,115,30382,2219,2333,
MCK,1998,1998-03-31,19336,101,1.59,362,1521,-103,161,161,1998-03-31,260,99,,20857,1159,1159,
MCK,1997,1997-03-31,11849,89,0.06,93,1037,-56,135,6,1997-03-31,37,31,,12887,945,945,
MCK,1996,1996-03-31,12569,93,1.45,274,1147,-47,135,139,1996-03-31,227,89,,13716,873,873,
MCK,1995,1995-03-31,,87,-0.12,-25,,-46,405,-182,1995-03-31,-71,112,,13189,,13214,
MCK,1994,1994-03-31,11270,88,1.83,266,1158,14,136,166,1994-03-31,275,109,,12428,879,892,-4
MCK,1993,1993-03-31,10536,90,1.25,246,1133,-50,115,118,1993-03-31,197,79,,11669,887,887,0
MCK,1992,1992-03-31,9252,78,0.96,139,1061,-58,-68,42,1992-03-31,82,40,,10313,839,921,0
MCK,1991,1991-03-31,8252,89,1.19,169,169,0,101,107,1991-03-31,169,63,,8421,0,0,0
MCK,1990,1990-03-31,6808,93,0.99,220,983,-53,99,103,1990-03-31,167,63,,7791,763,763,
MCK,1989,1989-03-31,6105,92,1.06,214,942,-47,101,100,1989-03-31,167,66,,7046,728,728,0
MCK,1988,1988-03-31,5644,93,0.95,200,922,-42,96,90,1988-03-31,158,68,,6566,722,722,0
MCK,1987,1987-03-31,5673,4,22.31,204,998,-21,90,97,1987-03-31,173,76,,6672,794,794,-10
MCK,1986,1986-03-31,4786,89,0.88,185,880,-41,78,74,1986-03-31,144,70,,5666,694,695,0
MCK,1985,1985-03-31,4093,82,0.83,147,806,-25,65,64,1985-03-31,123,58,,4900,659,660,0
MCK,1984,1984-03-31,3569,82,0.81,136,707,-19,69,63,1984-03-31,117,54,,4276,571,571,0
MCK,1983,1983-03-31,3194,78,0.8,132,634,-27,56,59,1983-03-31,105,46,,3828,502,502,0
TAP,2019,2019-12-31,6378.2,216.9,2.79083,764.4,4201.2,-293.1,241.7,246.2,2019-12-31,479.9,233.7,,10579.4,2728,3436.8,8.6
TAP,2018,2018-12-31,6584.8,216.6,4.1477,1631.8,4184.8,-330.1,1116.5,1134.6,2018-12-31,1359.8,225.2,,10769.6,2802.7,2552.999999999999,46.4
TAP,2017,2017-12-31,6236.7,216.5,4.73655,1677.7,4766.1,-351.3,1565.6,1020.8,2017-12-31,1383.2,362.4,,11002.8,3052,3088.4000000000005,56.8
TAP,2016,2016-12-31,2999,213.4,1.20139,3322.6,1886,-237.2,1593.9,1599.8,2016-12-31,3054.1,1454.3,,4885,1597.2,-1436.6,-51.8
TAP,2015,2015-12-31,2131.6,186.4,3.70472,567.2,1435.9,-105.7,395.2,394.6,2015-12-31,456.1,61.5,,3567.5,1038.3,868.7000000000003,-6.2
TAP,2014,2014-12-31,2493,186,4.8,727,1653,-140,514,517,2014-12-31,586,69,,4146,1175,927,0
TAP,2013,2013-12-31,2546,184,3.69,806,1661,-178,567,571,2013-12-31,655,84,,4206,1183,854,3
TAP,2012,2012-12-29,2353,182,2.86,867,1564,-268,443,438,2012-12-29,592,155,,3917,1086,696,-7
TAP,2011,2011-12-31,2048,186,3.9,888,1468,-114,676,675,2011-12-31,774,99,,3516,1020,580,0
TAP,2010,2010-12-25,1812,187,3.82,865,1442,-55,708,670,2010-12-25,809,139,,3254,1013,578,-1
TAP,2009,2009-12-26,1727,186,3.88,753,1306,-81,720,732,2009-12-26,718,-15,,3032,901,553,0
TAP,2008,2008-12-28,2841,186,2.81,605,1934,-89,388,412,2008-12-28,515,103,,4774,1333,1328,-1
TAP,2007,2007-12-30,3703,181,3.5,615,2488,-97,497,530,2007-12-30,534,4,,6191,1734,1873,0
TAP,2006,2006-12-31,3481,173,2.48,590,2364,-117,361,390,2006-12-31,472,82,,5845,1705,1774,-1
TAP,2005,2005-12-25,3307,160,2.2,421,2200,-122,135,245,2005-12-25,295,50,,5507,1633,1779,-3
TAP,2004,2004-12-26,2742,76,2.53,348,1564,-58,197,213,2004-12-26,308,95,,4306,1223,1215,18
TAP,2003,2003-12-28,2587,73,2.39,307,1413,-62,175,175,2003-12-28,254,79,,4000,1106,1106,8
TAP,2002,2002-12-29,2415,73,2.26,298,1362,-50,162,162,2002-12-29,257,95,,3776,1057,1063,8
TAP,2001,2001-12-30,1538,74,1.62,152,892,14,123,123,2001-12-30,198,75,,2429,717,740,4
TAP,2000,2000-12-31,1526,75,1.52,151,889,15,110,110,2000-12-31,170,60,,2414,723,738,3
TAP,1999,1999-12-26,1216,75,1.28,142,841,7,92,92,1999-12-26,151,58,,2057,693,699,2
TAP,1998,1998-12-27,1159,75,1.06,104,741,2,68,68,1998-12-27,111,43,,1900,617,637,5
TAP,1997,1997-12-28,1121,76,0.85,147,701,-4,82,82,1997-12-28,147,65,,1822,585,554,4
TAP,1996,1996-12-29,1118,76,0.62,81,614,-11,43,43,1996-12-29,75,32,13,1732,514,533,5
TAP,1995,1995-12-31,1092,76,0.45,80,584,-11,43,43,1995-12-31,73,30,15,1675,504,503,4
TAP,1994,1994-12-25,1067,77,0.66,108,600,-11,58,58,1994-12-25,104,46,13,1667,492,492,8
TAP,1993,1993-12-26,1037,76,0.5,-45,545,-16,-42,-42,1993-12-26,-57,-15,13,1582,454,590,4
TAP,1992,1992-12-27,1036,75,0.48,73,515,-16,-2,36,1992-12-27,59,23,12,1551,430,441,1
TAP,1991,1991-12-29,1332,75,0.58,22,585,-1,26,24,1991-12-29,23,-1,28,1917,506,564,2
TAP,1990,1990-12-30,1274,74,0.77,74,590,0,39,39,1990-12-30,64,25,22,1863,463,515,-10
TAP,1989,1989-12-31,1159,74,0.47,34,532,-2,13,13,1989-12-31,26,13,23,1691,433,498,-6
TAP,1988,1988-12-25,1021,73,0.64,70,501,-3,47,47,1988-12-25,77,30,23,1522,408,431,10
TAP,1987,1987-12-27,878,73,0.66,89,473,-3,48,48,1987-12-27,86,38,22,1351,362,384,0
TAP,1986,1986-12-28,846,72,0.82,109,469,-3,59,59,1986-12-28,110,51,23,1315,337,360,5
TAP,1985,1985-12-29,864,70,0.76,90,417,-2,53,53,1985-12-29,96,43,19,1281,307,327,8
TAP,1984,1984-12-30,805,70,0.64,51,328,-1,45,45,1984-12-30,57,13,18,1133,259,277,8
TAP,1983,1983-12-25,720,70,1.27,154,390,-2,89,89,1983-12-25,156,67,15,1110,221,236,3
MNST,2019,2019-12-31,1745.634,546.608,2.04292,1402.939,2455.185,13.023,1107.835,1107.835,2019-12-31,1415.962,308.127,,4200.819,625.045,1052.246,
MNST,2018,2018-12-31,1568.908,564.254,1.79931,1283.619,2238.275,9.653,993.004,994.804,2018-12-31,1293.272,298.468,,3807.183,531.3,954.656,
MNST,2017,2017-12-31,1283.655,577.141,1.53861,1198.787,2085.39,2.836,820.678,862.578,2017-12-31,1201.623,339.045,,3369.045,485.8,886.6029999999998,
MNST,2016,2016-12-31,1153.193,599.819,1.27593,1085.338,1896.2,-5.653,712.685,712.685,2016-12-31,1079.685,367,,3049.393,425.1,810.8620000000001,
MNST,2015,2015-12-31,1122.963,577.76378,1.01266,893.653,1599.601,-2.105,546.733,546.733,2015-12-31,891.548,344.815,,2722.564,354.6,705.9480000000001,
MNST,2014,2014-12-31,1125.057,522.86023,0.92412,747.505,1339.81,-1.717,483.185,483.185,2014-12-31,745.788,262.603,,2464.867,0,592.3050000000001,
MNST,2013,2013-12-31,1073.5,520.2,0.65,572.9,1172.9,-9,338.7,338.7,2013-12-31,563.9,225.2,,2246.4,,600,
MNST,2012,2012-12-31,995,549.3,0.62,551.4,1065.7,-2.3,340,340,2012-12-31,549.2,209.1,,2060.7,,514.3,
MNST,2011,2011-12-31,808.9,560,0.51,456.4,894.3,0.8,286.2,286.2,2011-12-31,457.3,171.1,,1703.2,,437.9,
MNST,2010,2010-12-31,623.7,558.1,0.38,347.8,680.2,1.5,212,212,2010-12-31,349.3,137.3,,1303.9,,332.4,
MNST,2009,2009-12-31,531,567.9,0.38,337.3,612.3,-1.6,208.7,208.7,2009-12-31,335.7,127,,1143.3,,275,
MNST,2008,2008-12-31,495,585.2,0.42,163.1,538.8,10.4,108,108,2008-12-31,173.5,65.4,,1033.8,,375.70000000000005,
MNST,2007,2007-12-31,436.5,593.2,0.27,231,468,8.8,149.4,149.4,2007-12-31,239.8,90.4,,904.5,,237,
MNST,2006,2006-12-31,289.2,591.5,0.17,158.6,316.6,3.7,97.9,97.9,2006-12-31,162.2,64.3,,605.8,,158,
MNST,2005,2005-12-31,166.3,582.5,0.11,103.4,182.5,1.4,62.8,62.8,2005-12-31,104.8,42,,348.9,79,79.1,
MNST,2004,2004-12-31,96.9,566.9,0.04,33.9,83.5,0.1,20.4,20.4,2004-12-31,33.9,13.6,,180.3,49.5,49.599999999999994,0
MNST,2003,2003-12-31,66.6,516.6,0.01,9.8,43.8,-0.1,5.9,5.9,2003-12-31,9.8,3.8,,110.4,33.9,33.900000000000006,0
MNST,2002,2002-12-31,58.8,496.3,0.01,5.3,33.2,-0.2,3,3,2002-12-31,5.1,2,,92,27.9,28,0
MNST,2001,2001-12-31,51.8,495.1,0.01,5.6,28.9,-0.5,3,3,2001-12-31,5,2,,80.7,22.8,23.299999999999997,0
MNST,2000,2000-12-31,42.8,499.5,0.01,6.9,28.9,-0.4,3.9,3.9,2000-12-31,6.5,2.6,,71.7,21.7,22,0
MNST,1999,1999-12-31,38.8,504.5,0.01,7.5,33.5,-0.1,4.5,4.5,1999-12-31,7.4,3,,72.3,25.3,26,0
MNST,1998,1998-12-31,27.3,500.7,0.01,6,26.5,-0.3,3.6,3.6,1998-12-31,5.6,2.1,,53.9,20.2,20.599999999999998,0
MNST,1997,1997-12-31,25.2,445.9,0,1.9,17.8,-0.5,1.3,1.3,1997-12-31,1.3,0,,43.1,15.5,16.000000000000004,-0.1
MNST,1996,1996-12-31,21.7,439.7,0,0.7,13.9,-0.6,0.4,0.4,1996-12-31,0.4,0,,35.6,12.5,13.2,0.3
MNST,1995,1995-12-31,21.9,437.9,0,-1.3,12.1,-0.4,-1.3,-1.3,1995-12-31,-1.3,0,,34,12.5,13.399999999999999,0.4
MNST,1994,1994-12-31,15.9,437.9,0,-1.2,12.9,-0.3,-1.4,-1.4,1994-12-31,-1.4,0,,28.8,13.1,14.1,0.1
MNST,1993,1993-12-31,13.5,418.8,0,1.1,10.2,-0.4,0.6,0.6,1993-12-31,0.8,0.1,,23.7,8.1,9,0
MNST,1992,1992-12-31,5.4,475.8,0,0,4,-0.2,0,0,1992-12-31,0,0,,9.4,3.5,4,0.1
MNST,1991,1991-12-31,0,346.2,0,-0.4,0,,0,0,1991-12-31,0,0,,0,0.4,0.4,0.4
FIZZ,2020,2020-05-02,630.254,46.828,2.77552,165.746,370.14,3.9,129.972,129.972,2020-05-02,169.455,39.483,,1000.394,204.394,204.394,-0.191
FIZZ,2019,2019-04-27,629.755,46.917,3.00217,179.733,384.35,4.1,140.853,140.853,2019-04-27,183.877,43.024,,1014.105,204.415,204.61699999999996,0.044
FIZZ,2018,2018-04-28,584.599,46.921,3.1004,203.987,391.135,1.6,149.774,145.474,2018-04-28,205.489,60.015,,975.734,186.947,187.1479999999999,-0.098
FIZZ,2017,2017-04-29,500.841,46.77,2.28875,162.288,326.077,0.641,107.045,107.045,2017-04-29,162.825,55.78,,826.918,163.6,163.789,-0.104
FIZZ,2016,2016-04-30,463.348,46.671,1.30616,92.85,241.437,0.107,61.198,61.198,2016-04-30,92.705,31.507,,704.785,148.384,148.58699999999993,-0.252
FIZZ,2015,2015-05-02,426.685,46.559,1.03477,74.713,219.14,,49.311,49.311,2015-05-02,74.713,25.402,,645.825,145.157,144.42699999999996,
FIZZ,2014,2014-05-03,423.5,46.5,0.92,63.1,217.7,,43.6,43.6,2014-05-03,63.1,19.5,,641.1,153.2,154.5,0.7
FIZZ,2013,2013-04-27,444.8,46.5,1.01,70.5,217.3,,46.9,46.9,2013-04-27,70.5,23.5,,662,146.2,146.8,0.1
FIZZ,2012,2012-04-28,415.6,46.4,0.95,66.9,213.3,,44,44,2012-04-28,66.9,22.9,,628.9,146.2,146.39999999999998,0.1
FIZZ,2011,2011-04-30,381.5,46.4,0.88,62.7,218.7,,40.8,40.8,2011-04-30,62.7,21.9,,600.2,155.9,156,0.1
FIZZ,2010,2010-05-01,396.5,46.3,0.71,51.4,197,,32.9,32.9,2010-05-01,51.4,18.5,,593.5,145.2,145.60000000000002,0.3
FIZZ,2009,2009-05-02,405.3,46.2,0.53,38.8,169.9,,24.7,24.7,2009-05-02,38.8,14.1,,575.2,131.9,131.09999999999997,0.3
FIZZ,2008,2008-05-03,393.4,46.1,0.49,35.1,172.6,,22.5,22.5,2008-05-03,35.1,12.6,,566,138.4,137.5,0
FIZZ,2007,2007-04-28,365.8,46.1,0.52,38.5,173.2,,24.7,24.7,2007-04-28,38.5,13.8,,539,137.2,134.7,0
FIZZ,2006,2006-04-29,349.1,45.9,0.47,34.9,167.7,,22.2,22.2,2006-04-29,34.9,12.7,,516.8,135.1,132.79999999999995,0.2
FIZZ,2005,2005-04-30,340.2,45.9,0.36,26.4,155.4,,16.9,16.9,2005-04-30,26.4,9.5,,495.6,130,129,0
FIZZ,2004,2004-05-01,343.3,45.8,0.41,30.1,168.7,,18.7,18.7,2004-05-01,30.1,11.4,,512.1,139.1,138.7,0
FIZZ,2003,2003-05-03,335.5,45.7,0.38,28.5,165,,17.6,17.6,2003-05-03,28.5,10.9,,500.4,136.9,136.5,-0.7
FIZZ,2002,2002-04-27,339,45.6,0.36,26.8,163.7,,16.6,16.6,2002-04-27,26.8,10.3,,502.8,136.9,137,-0.9
FIZZ,2001,2001-04-28,323.7,45.2,0.33,24.2,156.7,,15,15,2001-04-28,24.2,9.2,,480.4,131.9,132.5,-1.5
FIZZ,2000,2000-04-29,286.2,45.6,0.37,21.9,140,,13.6,13.6,2000-04-29,21.9,8.3,,426.3,120.1,118.19999999999999,-4.8
FIZZ,1999,1999-05-01,268.8,46.3,0.36,21,133.3,,13.2,13.2,1999-05-01,21,7.9,,402.1,110.2,112.30000000000001,-1.3
FIZZ,1998,1998-05-02,275.1,46.4,0.34,20.9,125.7,,13.1,13.1,1998-05-02,20.9,7.8,,400.7,102.2,104.69999999999999,-1.6
FIZZ,1997,1997-05-03,275.5,45.9,0.27,17,110,,10.7,10.7,1997-05-03,17,6.3,,385.4,88.9,93,-0.9
FIZZ,1996,1996-04-27,261.9,45.6,0.36,14.5,88.6,,9,9,1996-04-27,14.5,5.5,,350.4,70,74,-1
FIZZ,1995,1995-04-29,261.7,44.6,0.18,14.1,87,,8.6,8.6,1995-04-29,14.1,5.5,,348.7,68.6,72.90000000000003,-0.9
FIZZ,1994,1994-04-30,258.2,9.3,0.85,6.2,89.5,,13.5,3.5,1994-04-30,6.2,2.7,,347.7,66.8,83.40000000000003,-0.2
FIZZ,1993,1993-05-01,247.3,44.6,0.48,13.7,85.3,,22.1,8.1,1993-05-01,13.7,5.6,,332.6,63.7,71.59999999999997,
FIZZ,1992,1992-05-02,251.6,44.7,0.13,13.4,89.2,,5.6,6.8,1992-05-02,13.4,6.6,,340.8,69.2,75.79999999999998,-0.9
FIZZ,1991,1991-04-27,228.1,44.2,0.03,7.2,79,,1.8,3.5,1991-04-27,7.2,3.7,,307.2,61.9,71.9,-1
FIZZ,1990,1990-04-28,229.3,44.1,0.01,3.1,71.1,,1,1.4,1990-04-28,3.1,1.6,,300.4,57,68.09999999999997,-0.9
PEP,2019,2019-12-28,29983,1407,5.40938,10289,37178,-935,7314,7345,2019-12-28,9312,1967,711,67161,25809,26889,-42
PEP,2018,2018-12-29,29378,1425,8.92109,10110,35283,-1219,12515,12531,2018-12-29,9189,-3342,680,64661,24137,25173,298
PEP,2017,2017-12-30,28796,1438,5.239,10276,34729,-907,4857,7408,2017-12-30,9602,2194,737,63525,23502,24453,233
PEP,2016,2016-12-31,28222,1452,4.43843,9804,34577,-1232,6329,6379,2016-12-31,8553,2174,760,62799,23769,24773,-19
PEP,2015,2015-12-26,28731,1485,4.46233,8353,34325,-911,5452,5501,2015-12-26,7442,1941,754,63056,23568,25972,
PEP,2014,2014-12-27,31238,1527,4.47023,9581,35445,-824,6513,6558,2014-12-27,8757,2199,718,66683,24636,25864,0
PEP,2013,2013-12-28,31075,1560,4.57,9705,35340,-814,6740,6787,2013-12-28,8891,2104,665,66415,24417,25635,
PEP,2012,2012-12-29,31291,1575,4.06,9112,34201,-808,6178,6214,2012-12-29,8304,2090,,65492,24675,25089,
PEP,2011,2011-12-31,31593,1597,4.4,9633,34911,-799,6443,6462,2011-12-31,8834,2372,,66504,24433,25278,
PEP,2010,2010-12-25,26575,1614,4.71,8332,31263,-100,6320,6338,2010-12-25,8232,1894,488,57838,22326,22931,
PEP,2009,2009-12-26,20099,1577,3.85,8044,23133,35,5946,5979,2009-12-26,8079,2100,414,43232,14612,15089,
PEP,2008,2008-12-27,20351,1602,3.46,6935,22900,86,5142,5142,2008-12-27,7021,1879,364,43251,15537,15965,
PEP,2007,2007-12-29,18038,1658,3.41,7170,21436,461,5658,5658,2007-12-29,7631,1973,,39474,14208,14266,
PEP,2006,2006-12-30,15762,1687,3.34,6439,19375,550,5642,5642,2006-12-30,6989,1347,,35137,12774,12936,
PEP,2005,2005-12-31,14176,1706,2.39,5922,18386,460,4078,4078,2005-12-31,6382,2304,,32562,12314,12464,
PEP,2004,2004-12-25,13406,1729,2.48,5259,15855,287,4212,4174,2004-12-25,5546,1372,,29261,10299,10596,
PEP,2003,2003-12-27,12379,1739,2.13,4781,14592,211,3568,3568,2003-12-27,4992,1424,,26971,9460,9811,
PEP,2002,2002-12-28,11497,1789,1.94,4730,13615,138,3313,3313,2002-12-28,4868,1555,,25112,8523,8885,
PEP,2001,2001-12-29,10754,1807,1.61,4021,16181,8,2662,2662,2001-12-29,4029,1367,,26935,11608,12160,
PEP,2000,2000-12-30,7943,1475,1.48,3225,12495,-15,2183,2183,2000-12-30,3210,1027,,20438,9132,9270,
PEP,1999,1999-12-25,8198,1496,0.73,2818,12169,-162,2050,2050,1999-12-25,3656,1606,,20367,9103,9351,
PEP,1998,1998-12-26,9330,1519,1.48,2584,13018,-321,1993,1993,1998-12-26,2263,270,,22348,9924,10434,
PEP,1997,1997-12-27,8525,1570,1.07,2662,12392,-353,2142,1491,1997-12-27,2309,818,,20917,9241,9730,
PEP,1996,1996-12-28,15383,1606,1,2546,16262,-499,1149,1149,1996-12-28,2047,898,,31645,12593,13716,
PEP,1995,1995-12-30,14886,1608,1.21,2987,15535,-555,1606,1606,1995-12-30,2432,826,,30421,11712,12548,
PEP,1994,1994-12-31,13715,1612,1.11,3201,14636,-537,1752,1784,1994-12-31,2664,880,,28351,11123,11435,
PEP,1993,1993-12-25,11946,1635,0.97,2907,13075,-484,1588,1588,1993-12-25,2423,835,,25021,9864,10168,
PEP,1992,1992-12-26,10612,1626,0.8,2371,11358,-472,374,1302,1992-12-26,1899,597,,21970,8721,8987,
PEP,1991,1991-12-28,9366,1611,0.67,2112,9926,-452,1080,1080,1991-12-28,1660,580,,19292,7606,7814,
PEP,1990,1990-12-29,8443,1597,0.68,2042,9073,-388,1077,1091,1990-12-29,1654,563,,17516,6842,7030,
PEP,1989,1989-12-30,7422,1598,0.56,1783,7821,-432,901,901,1989-12-30,1351,449,,15242,5887,6038,
PEP,1988,1988-12-31,5957,1583,0.48,1349,6576,-222,762,762,1988-12-31,1127,365,,12533,5227,5227,
PEP,1987,1987-12-26,5157,1580,0.38,1128,5861,-182,595,605,1987-12-26,946,341,,11018,4734,4734,
PEP,1986,1986-12-27,3732,2,291,821,5559,-140,458,458,1986-12-27,680,223,,9291,4738,4738,
PEP,1985,1985-12-28,3138,1684,0.25,784,4484,-99,544,427,1985-12-28,685,258,,7622,3700,3700,
PEP,1984,1984-12-29,3150,2,195.3,475,4549,-121,201,207,1984-12-29,354,148,,7699,3854,4073,
PEP,1983,1983-12-31,3615,2,165.31,549,4281,-123,284,284,1983-12-31,425,141,,7896,3732,3732,
PG,2020,2020-06-30,34636,2625.8,5.2076,15693,36314,-310,13027,13103,2020-06-30,15834,2731,,70950,19849,20621,451
PG,2019,2019-06-30,33949,2539.5,5.02579,5828,33735,-289,3897,3966,2019-06-30,6069,2103,,67684,19005,27907,530
PG,2018,2018-06-30,33613,2656.7,4.39342,13343,33219,-259,9750,10461,2018-06-30,13326,2865,,66832,18679,19876,242
PG,2017,2017-06-30,31942,2740.4,4.26945,13955,33116,-294,15326,10194,2017-06-30,13257,3063,,65058,18431,19161,-404
PG,2016,2016-06-30,32191,2844.4,3.73401,13441,33108,-397,10508,10027,2016-06-30,13369,3342,,65299,18747,19667,325
PG,2015,2015-06-30,36442,2883.6,3.61409,11049,34307,-477,7036,8287,2015-06-30,11012,2725,,70749,20278,23258,440
PG,2014,2014-06-30,42061,2905,4.1,15288,41001,-609,11643,11707,2014-06-30,14885,3178,,83062,24941,25713,206
PG,2013,2013-06-30,42072,2931,4.19,14481,42095,-580,11312,11402,2013-06-30,14843,3441,,84167,26350,27614,942
PG,2012,2012-06-30,42085,2941,3.77,13292,41595,-769,10756,9317,2012-06-30,12785,3468,1982,83680,23693,28303,262
PG,2011,2011-06-30,40768,3002,3.93,15818,41791,-831,11797,11797,2011-06-30,15189,3392,,82559,25973,25973,202
PG,2010,2010-06-30,37919,3099,3.53,16021,41019,-946,12736,10946,2010-06-30,15047,4101,,78938,24998,24998,-28
PG,2008,2008-06-30,40695,3317,3.64,17083,42808,-1467,12075,12075,2008-06-30,16078,4003,,83503,25725,25725,462
PG,2007,2007-06-30,36686,3399,3.04,15450,39790,-1304,10340,10340,2007-06-30,14710,4370,2112,76476,22228,24340,564
PG,2006,2006-06-30,33125,3286,2.64,13249,35097,-1119,8684,8684,2006-06-30,12413,3729,2075,68222,19773,21848,283
PG,2005,2005-06-30,27804,2726,2.16,8987,28937,-834,5317,5317,2005-06-30,8499,3182,1940,56741,18010,19950,346
PG,2004,2004-06-30,25076,2790,2.46,9827,26331,-629,6481,6481,2004-06-30,9350,2869,1802,51407,14702,16504,152
PG,2003,2003-06-30,21760,2803,2.06,7853,21613,-561,5186,5186,2003-06-30,7530,2344,1665,43373,11344,13764,238
PG,2002,2002-06-30,20481,2810,1.98,6678,19688,-603,4352,4352,2002-06-30,6383,2031,1601,40169,10451,13079,308
PG,2001,2001-06-30,20962,2811,1.42,4736,18282,-794,2922,2922,2001-06-30,4616,1694,1769,39244,10054,13546,674
PG,2000,2000-06-30,21018,2854,1.42,5954,18933,-722,3542,3542,2000-06-30,5536,1994,1899,39951,10266,12979,304
PG,1999,1999-06-30,21206,2894,1.29,6253,16919,-650,3763,3763,1999-06-30,5838,2075,1726,38125,8940,10666,235
PG,1998,1998-06-30,21064,2931,1.28,6055,16090,-548,3780,3780,1998-06-30,5708,1928,1546,37154,8489,10035,201
PG,1997,1997-06-30,20316,2974,1.14,5488,15448,-457,3415,3415,1997-06-30,5249,1834,1282,35764,8678,9960,218
PG,1996,1996-06-30,20762,2992,1,4815,14522,-484,3046,3046,1996-06-30,4669,1623,1221,35284,8486,9707,338
PG,1995,1995-06-30,19623,2989,0.87,4179,13811,-488,2645,2645,1995-06-30,4000,1355,1257,33434,8375,9632,309
PG,1994,1994-06-30,17338,2972,0.73,3670,13047,-482,2211,2211,1994-06-30,3346,1135,1059,30385,8318,9377,158
PG,1993,1993-06-30,17683,2722,0.83,456,12750,-552,-656,269,1993-06-30,349,80,956,30433,8633,12294,445
PG,1992,1992-06-30,17324,2960,0.61,2867,12038,-510,1872,1872,1992-06-30,2885,1013,861,29362,8310,9171,528
PG,1991,1991-06-30,16081,2981,0.58,2702,10945,-395,1773,1773,1991-06-30,2687,914,,27026,8243,8243,380
PG,1990,1990-06-30,14658,2954,0.53,2302,9423,-442,1602,1602,1990-06-30,2421,819,,24081,7121,7121,561
PG,1989,1989-06-30,13371,2755,0.43,2039,8027,-391,1206,1206,1989-06-30,1939,733,,21398,5988,5988,291
PG,1988,1988-06-30,11880,2726,0.37,1796,7456,-321,1020,1020,1988-06-30,1630,610,,19336,5660,5660,155
PG,1987,1987-06-30,10411,2728,0.27,807,6589,-353,327,327,1987-06-30,617,290,,17000,4977,5782,163
PG,1986,1986-06-30,9829,2710,0.26,1305,5610,-257,709,709,1986-06-30,1175,466,,15439,4305,4305,127
PG,1985,1985-06-30,9099,2688,0.24,976,4453,-165,635,635,1985-06-30,1004,369,,13552,3477,3477,193
PG,1984,1984-06-30,8533,2674,0.33,1387,4413,-139,890,890,1984-06-30,1427,537,,12946,3026,3026,179
PG,1983,1983-06-30,8020,2654,0.33,1529,4432,-108,866,866,1983-06-30,1550,684,,12452,2903,2903,129
RAD,2020,2020-02-29,17201.635,53.228,-7.58656,152.271,4726.758,-229.657,-452.174,-469.219,2020-02-29,-81.612,387.607,,21928.393,4481.694,4574.487000000001,
RAD,2019,2019-03-02,16963.205,52.854,-6.39291,-399.761,4676.352,-227.728,-422.213,-666.954,2019-03-02,-589.477,77.477,,21639.557,4592.375,5076.112999999998,
RAD,2018,2018-03-03,16748.863,52.4814,-0.84819,133.351,4780.105,-202.768,943.47,-24.767,2018-03-03,-43.545,-18.778,,21528.968,4651.262,4646.753999999997,
RAD,2017,2017-03-04,17862.833,53.0413,0.55643,241.934,5064.707,-200.065,4.053,4.08,2017-03-04,48.518,44.438,,22927.54,4776.995,4822.773000000001,
RAD,2016,2016-02-27,15778.258,52.1181,2.90298,337.126,4991.979,-186.132,165.465,102.088,2016-02-27,151.6,49.512,,20770.237,4581.171,4654.853000000001,
RAD,2015,2015-02-28,18951.645,50.89305,42.27408,820.633,7576.732,-397.612,2109.173,2109.173,2015-02-28,426.82,-1682.353,,26528.377,6695.642,6756.098999999998,
RAD,2014,2014-03-01,18203,49,6.38,659,7324,-425,249,249,2014-03-01,250,1,,25526,6561,6665,
RAD,2013,2013-03-02,18074,45,5.23,506,7318,-515,118,118,2013-03-02,8,-111,,25392,6601,6812,
RAD,2012,2012-03-03,19328,44,-6.62,128,6793,-529,-369,-369,2012-03-03,-392,-24,,26121,6531,6665,
RAD,2011,2011-02-26,18522,44,-9.15,-20,6693,-548,-555,-555,2011-02-26,-546,10,,25215,6458,6713,
RAD,2010,2010-02-27,18845,44,-8.67,12,6824,-516,-507,-507,2010-02-27,-480,27,,25669,6603,6812,
RAD,2009,2009-02-28,19254,42,-35.92,-2094,7036,-478,-2915,-2912,2009-02-28,-2583,329,,26289,6985,9129,
RAD,2008,2008-03-01,17689,36,-28.68,172,6638,-450,-1079,-1076,2008-03-01,-273,803,,24327,6366,6465,
RAD,2007,2007-03-03,12792,26,1.23,278,4716,-275,27,27,2007-03-03,14,-13,,17508,4370,4438,
RAD,2006,2006-03-04,12572,34,39.17,314,4699,-277,1273,1273,2006-03-04,43,-1230,,17271,4307,4385,
RAD,2005,2005-02-26,12609,32,10.63,431,4207,-295,302,302,2005-02-26,134,-168,,16816,3721,3776,
RAD,2004,2004-02-28,12569,26,3.7,350,4032,-313,83,83,2004-02-28,35,-49,,16600,3624,3681,
RAD,2003,2003-03-01,12109,26,-2.94,157,3692,-330,-112,-112,2003-03-01,-154,-42,,15801,3410,3535,
RAD,2002,2002-03-02,11742,24,-22.53,-486,3429,-396,-828,-828,2002-03-02,-839,-12,,15171,3367,3915,
RAD,2001,2001-03-03,11151,16,-81.74,-639,3365,-650,-1589,-1432,2001-03-03,-1283,149,,14517,3458,4005,
RAD,2000,2000-02-26,11413,13,-78.35,-595,3269,-520,-1143,-1116,2000-02-26,-1116,0,,14681,3712,3864,
RAD,1999,1999-02-27,9396,13,28.27,394,3335,-195,144,144,1999-02-27,200,56,,12732,2640,2942,
RAD,1998,1998-02-28,8291,14,24.42,690,3084,-160,316,316,1998-02-28,530,214,,11375,2394,2394,
RAD,1997,1997-03-01,5113,10,18.59,310,1857,-96,115,115,1997-03-01,214,98,,6970,1434,1547,
RAD,1996,1996-03-02,4017,9,18.48,325,1429,-68,159,159,1996-03-02,256,97,,5446,1104,1104,
RAD,1995,1995-03-04,3328,9,16.2,274,1206,-42,141,141,1995-03-04,231,90,,4534,932,932,
RAD,1994,1994-02-26,2970,9,12.67,74,1089,-29,9,26,1994-02-26,46,19,,4059,865,1014,
RAD,1993,1993-02-27,2990,9,15.06,247,1095,-33,132,132,1993-02-27,215,82,,4085,848,848,
RAD,1992,1992-02-29,2724,9,14.27,243,1025,-41,124,124,1992-02-29,202,78,,3748,782,782,
RAD,1991,1991-03-02,2488,8,12.93,227,960,-52,107,107,1991-03-02,175,67,,3447,733,732,
RAD,1990,1990-03-03,2284,8,11.49,189,889,-55,102,82,1990-03-03,134,52,,3173,678,700,
RAD,1989,1989-03-04,2060,8,11.11,195,808,-43,92,92,1989-03-04,151,59,,2868,614,614,
RAD,1988,1988-02-27,1791,8,11.79,189,695,-35,141,91,1988-02-27,154,63,,2486,507,507,
RAD,1987,1987-02-28,1254,8,9.45,156,503,-23,78,73,1987-02-28,133,60,,1757,347,347,
RAD,1986,1986-03-01,1116,8,8.24,144,448,-20,63,64,1986-03-01,124,60,,1564,305,304,
RAD,1985,1985-03-02,1022,8,8.47,141,424,-13,70,65,1985-03-02,128,63,,1446,283,282,
RAD,1984,1984-03-03,878,8,8.81,119,345,-6,74,57,1984-03-03,112,55,,1223,226,227,
RAD,1983,1983-02-26,765,8,6.53,96,284,-7,55,45,1983-02-26,88,43,,1049,188,189,
SFM,2019,2019-12-29,3740.017,119.742,1.24959,217.36,1894.818,-21.192,149.629,149.629,2019-12-29,196.168,46.539,,5634.835,1556.967,1677.4580000000005,0
SFM,2018,2018-12-30,3459.861,129.776,1.22161,222.911,1747.475,-27.435,158.536,158.536,2018-12-30,195.796,37.26,,5207.336,1416.519,1524.5640000000003,0.32
SFM,2017,2017-12-31,3097.582,137.884,1.01346,226.07,1567.03,-21.177,158.44,139.74,2017-12-31,205.518,65.778,,4664.612,1246.766,1340.9600000000005,0.625
SFM,2016,2017-01-01,2682.937,149.653,0.83063,212.932,1363.448,-14.794,124.306,124.306,2017-01-01,198.592,74.286,,4046.385,1072.223,1150.516,0.454
SFM,2015,2016-01-03,2541.403,155.877,0.84954,223.273,1051.628,-17.723,128.991,128.991,2016-01-03,205.993,77.002,,3593.031,822.874,828.355,0.443
SFM,2014,2014-12-28,2082.221,154.328,0.70237,198.573,885.203,-25.063,107.692,107.692,2014-12-28,174.106,66.414,,2967.424,685.492,686.6300000000001,0.596
SFM,2013,2013-12-29,1712.6,139.8,0.45,120.8,725.3,-37.2,51.3,51.3,2013-12-29,84.1,32.7,,2437.9,585.8,604.5,0.5
SFM,2012,2012-12-30,1264.5,121.8,0.16,69.7,530.3,-35.5,19.5,19.5,2012-12-30,34.8,15.3,,1794.8,459.6,460.5999999999999,0.6
SFM,2011,2012-01-01,794.9,97,-0.28,-25.7,311,-19.8,-27.4,-27.4,2012-01-01,-45.2,-17.7,,1105.9,304.5,336.69999999999993,0.4
SFM,2010,2011-01-02,366.9,64.4,0.08,8.6,149.9,-0.7,4.9,4.9,2011-01-02,8.2,3.3,,516.8,140.4,141.3,0.3
SFM,2009,2010-01-03,346.3,64.4,0.08,8.6,141.4,-0.6,5,5,2010-01-03,8.3,3.3,,487.7,132.8,132.8,0.3
SFM,2008,2009-01-04,315.5,64.4,0.06,5.9,125.5,-0.2,3.7,3.7,2009-01-04,6.1,2.5,,441.1,119.6,119.69999999999999,0.4
SYY,2020,2020-06-27,42991.646,514.02597,1.54367,693.605,9901.664,-408.22,215.475,215.475,2020-06-27,293.384,77.909,,52893.31,144.477,9208.059000000001,7.999
SYY,2019,2019-06-29,48704.935,523.38112,3.80916,2330.15,11408.987,-360.423,1674.271,1691.787,2019-06-29,2005.836,314.049,,60113.922,,9078.837,36.109
SYY,2018,2018-06-30,47641.933,529.08985,2.73905,2328.974,11085.391,-395.483,1430.766,1363.066,2018-06-30,1956.224,593.158,,58727.324,,8756.417000000001,22.733
SYY,2017,2017-07-01,44813.632,548.54503,2.393,2053.171,10557.507,-302.878,1142.503,1142.503,2017-07-01,1766.23,623.727,,55371.139,,8504.336000000003,15.937
SYY,2016,2016-07-02,41326.447,577.39141,1.68555,1850.5,9040.472,-306.146,949.622,949.622,2016-07-02,1433.007,483.385,,50366.919,,7189.972000000002,-111.347
SYY,2015,2015-06-27,40129.236,596.84903,1.79265,1229.362,8551.516,-254.807,686.773,686.773,2015-06-27,1008.147,321.374,,48680.752,,7322.154000000002,33.592
SYY,2014,2014-06-28,38336,590,1.69,1587,8181,-124,932,932,2014-06-28,1476,544,,46517,,6594,12
SYY,2013,2013-06-29,36544,593,2.07,1658,7868,-128,992,992,2013-06-29,1547,555,,44411,,6209,17
SYY,2012,2012-06-30,34704,589,1.9,1891,7677,-113,1122,1122,2012-06-30,1784,662,,42381,,5786,7
SYY,2011,2011-07-02,32002,589,1.96,1932,7321,-118,1152,1152,2011-07-02,1827,675,,39323,,5390,14
SYY,2010,2010-07-03,30136,594,1.99,1976,7107,-125,1180,1180,2010-07-03,1850,670,,37243,,5132,-1
SYY,2009,2009-06-27,29817,596,1.77,1872,7036,-116,1056,1056,2009-06-27,1771,715,,36853,,5164,15
SYY,2008,2008-06-28,30327,611,1.81,1880,7195,-112,1106,1106,2008-06-28,1791,685,,37522,,5315,23
SYY,2007,2007-06-30,28285,626,1.6,1621,6757,,1001,1001,2007-06-30,1621,620,,35042,,5136,-18
SYY,2006,2006-07-01,26337,629,1.35,1395,6291,,855,846,2006-07-01,1395,549,,32628,,4896,-9
SYY,2005,2005-07-02,24498,653,1.47,1525,5784,,961,961,2005-07-02,1525,564,,30282,,4258,-11
SYY,2004,2004-07-03,23662,662,1.37,1475,5674,,907,907,2004-07-03,1475,568,,29335,,4198,-12
SYY,2003,2003-06-28,20980,662,1.18,1260,5161,,778,778,2003-06-28,1260,482,,26140,,3900,-8
SYY,2002,2002-06-29,18722,673,1.03,1101,4628,,680,680,2002-06-29,1101,421,,23351,,3528,-3
SYY,2001,2001-06-30,17513,678,0.9,967,4271,,597,597,2001-06-30,967,370,,21784,,3305,0
SYY,2000,2000-07-01,15650,670,0.69,738,3654,,446,454,2000-07-01,738,284,,19303,,2916,2
SYY,1999,1999-07-03,14208,674,0.54,594,3215,,362,362,1999-07-03,594,232,,17423,,2621,1
SYY,1998,1998-06-27,12500,687,0.47,532,2828,,297,325,1998-06-27,532,208,,15328,,2295,0
SYY,1997,1997-06-28,11836,712,0.42,496,2619,,303,303,1997-06-28,496,193,,14455,,2123,0
SYY,1996,1996-06-29,10984,739,0.37,454,2411,0,277,277,1996-06-29,454,177,,13395,,1957,-1
SYY,1995,1995-07-01,9927,731,0.34,418,2191,0,252,252,1995-07-01,418,166,,12118,,1773,-2
SYY,1994,1994-07-02,8972,737,0.29,368,1971,0,217,217,1994-07-02,368,151,,10942,,1603,-2
SYY,1993,1993-07-03,8225,747,0.27,332,1796,0,202,202,1993-07-03,332,130,,10022,,1465,-2
SYY,1992,1992-06-27,7304,744,0.23,282,1589,0,172,172,1992-06-27,282,109,,8893,,1307,-6
SYY,1991,1991-06-29,6694,737,0.21,251,1456,0,154,154,1991-06-29,251,97,,8150,,1205,-8
SYY,1990,1990-06-30,6246,731,0.18,216,1344,0,132,132,1990-06-30,216,84,,7591,,1128,-7
SYY,1989,1989-06-30,5641,723,0.15,177,1210,0,108,108,1989-06-30,177,69,,6851,,1033,-6
SYY,1988,1988-06-30,3594,718,0.11,138,791,-8,80,80,1988-06-30,129,49,,4385,,653,-6
SYY,1987,1987-06-30,2986,709,0.09,122,670,0,62,62,1987-06-30,122,61,,3656,,548,-11
SYY,1986,1986-06-28,2579,698,0.08,108,594,0,58,58,1986-06-28,108,49,,3172,,486,-12
SYY,1985,1985-06-29,2139,687,0.07,94,489,0,50,50,1985-06-29,94,44,,2628,,395,-13
SYY,1984,1984-06-30,1879,676,0.07,81,433,0,45,45,1984-06-30,81,36,,2312,,351,-12
SYY,1983,1983-07-02,1580,662,0.06,71,370,0,40,40,1983-07-02,71,31,,1950,,299,-14
HSY,2019,2019-12-31,4363.774,210.702,6.13084,1545.495,3622.478,-144.125,1149.692,1146.752,2019-12-31,1380.784,234.032,37.146,7986.252,1874.805,2076.9829999999993,-20.586
HSY,2018,2018-12-31,4204.421,210.989,6.33422,1573.335,3586.648,-138.837,1177.562,1163.251,2018-12-31,1410.061,246.81,38.521,7791.069,1813.706,2013.313,-24.437
HSY,2017,2017-12-31,4054.903,213.742,4.56212,1247.2,3460.523,-98.282,782.981,724.037,2017-12-31,1110.668,386.631,45.85,7515.426,1827.667,2213.323,-38.25
HSY,2016,2016-12-31,4212.536,215.304,3.71363,1238.341,3227.645,-90.143,720.044,720.044,2016-12-31,1099.481,379.437,47.268,7440.181,1827.098,1989.304,-48.717
HSY,2015,2015-12-31,3996.137,220.651,3.50955,969.944,3390.489,-77.447,512.951,512.951,2015-12-31,901.847,388.896,49.281,7386.626,1902.659,2420.5449999999996,-0.6
HSY,2014,2014-12-31,4088.1,224.8,3.91,1389.6,3333.7,-83.5,846.9,846.9,2014-12-31,1306,459.1,47.6,7421.8,1850.5,1944.1,
HSY,2013,2013-12-31,3862.4,227.2,3.71,1339.7,3283.7,-88.4,820.5,820.5,2013-12-31,1251.3,430.8,47.6,7146.1,1865.6,1943.9999999999995,
HSY,2012,2012-12-31,3736,228.3,3.12,1111.1,2908.3,-95.6,660.9,660.9,2012-12-31,1015.6,354.6,39,6644.3,1641.1,1797.1000000000004,
HSY,2011,2011-12-31,3509.6,229.9,2.87,1055,2571.2,-92.2,629,629,2011-12-31,962.8,333.9,,6080.8,1487,1516.2000000000003,
HSY,2010,2010-12-31,3242.2,230.3,2.54,905.3,2428.9,-96.4,509.8,509.8,2010-12-31,808.9,299.1,,5671,1425,1523.5,
HSY,2009,2009-12-31,3245.5,229,2.14,761.6,2053.1,-90.5,436,436,2009-12-31,671.1,235.1,,5298.7,1208.7,1291.6000000000004,
HSY,2008,2008-12-31,3375.1,228.7,1.62,589.9,1757.7,-97.9,311.4,311.4,2008-12-31,492,180.6,,5132.8,1073,1167.7999999999997,
HSY,2007,2007-12-31,3315.1,231.4,1.68,458.8,1631.6,-118.6,214.2,214.2,2007-12-31,340.2,126.1,,4946.7,895.9,1172.7999999999997,
HSY,2006,2006-12-31,3076.7,239.1,2.38,992.6,1867.5,-116.1,559.1,559.1,2006-12-31,876.5,317.4,,4944.2,860.4,875,
HSY,2005,2005-12-31,2965.5,248.3,2.23,860.9,1870.4,-88,493.2,493.2,2005-12-31,772.9,279.7,,4836,913,1009.5999999999999,
HSY,2004,2004-12-31,2679.5,256.8,2.3,902.2,1749.7,-66.5,590.9,590.9,2004-12-31,835.6,244.8,,4429.2,847.5,847.5999999999999,
HSY,2003,2003-12-31,2544.7,264.5,1.79,796.4,1627.8,-63.5,457.6,465,2003-12-31,732.8,267.9,,4172.6,816.4,831.5,
HSY,2002,2002-12-31,2561.1,275.4,1.53,698.3,1559.3,-60.7,403.6,403.6,2002-12-31,637.6,234,,4120.3,833.4,860.9000000000001,
HSY,2001,2001-12-31,2665.6,275.4,1.21,412.6,1891.7,-69.1,207.2,207.2,2001-12-31,343.5,136.4,,4557.2,1270,1479.0000000000005,
HSY,2000,2000-12-31,2471.2,276.7,1.21,622.7,1749.8,-76,334.5,334.5,2000-12-31,546.6,212.1,,4221,1127.2,1127.1000000000004,
HSY,1999,1999-12-31,2354.7,282.6,1.08,802.1,1616.2,-74.3,460.3,460.3,1999-12-31,727.9,267.6,,3970.9,1057.8,814.1000000000004,
HSY,1998,1998-12-31,2625.1,291.1,1.17,642.7,1810.6,-85.7,340.9,340.9,1998-12-31,557,216.1,,4435.6,1167.9,1167.9,
HSY,1997,1997-12-31,2488.9,302,1.11,630.2,1813.3,-76.3,336.3,336.3,1997-12-31,554,217.7,,4302.2,1183.1,1183.1,
HSY,1996,1996-12-31,2302.1,311.4,0.94,527.8,1687.2,-48,273.2,273.2,1996-12-31,479.7,206.6,,3989.3,1124.1,1159.4,
HSY,1995,1995-12-31,2126.3,333.4,0.85,510.8,1564.4,-44.8,281.9,281.9,1995-12-31,466,184,,3690.7,1053.8,1053.6,
HSY,1994,1994-12-31,2097.6,349.5,0.7,368.5,1508.7,-35.4,184.2,184.2,1994-12-31,333.1,148.9,,3606.3,1034.1,1140.2000000000003,
HSY,1993,1993-12-31,1995.5,361,0.69,457.2,1492.7,-27,193.3,297.2,1993-12-31,510.9,213.6,,3488.2,1035.5,1035.5,
HSY,1992,1992-12-31,1833.4,362.3,0.67,428.2,1386.4,-27.2,242.6,242.6,1992-12-31,401,158.4,,3219.8,958.2,958.1999999999998,
HSY,1991,1991-12-31,1694.4,362.2,0.61,390.3,1204.8,-26.8,219.5,219.5,1991-12-31,363.5,143.9,,2899.2,814.5,814.5,
HSY,1990,1990-12-31,1588.4,362,0.54,350.6,1127.2,-24.6,215.9,215.9,1990-12-31,361.5,145.6,,2715.6,776.7,776.5999999999999,
HSY,1989,1989-12-31,1455.6,362,0.47,310.3,965.4,-20.4,171.1,171.1,1989-12-31,289.9,118.9,,2421,655,655.0999999999999,
HSY,1988,1988-12-31,1326.5,362.3,0.4,266.1,841.6,-30,213.9,144.5,1988-12-31,236.1,91.6,,2168,575.5,575.5,
HSY,1987,1987-12-31,1612.1,362.7,0.41,299.1,826.7,-29.7,148.2,148.2,1987-12-31,269.4,121.2,,2438.8,527.6,527.5999999999999,
HSY,1986,1986-12-31,1453.4,374,0.35,270.6,716.2,-9.8,132.8,132.8,1986-12-31,260.8,128.1,,2169.6,445.5,445.5999999999999,
HSY,1985,1985-12-31,1355.8,376,0.32,244.8,640.4,-11.9,112.2,120.6,1985-12-31,232.9,112.3,,1996.2,395.5,395.5,
HSY,1984,1984-12-31,1293.4,376,0.29,219.9,599.1,-10.3,108.7,108.7,1984-12-31,209.6,100.9,,1892.5,379.1,379.1999999999998,
HSY,1983,1983-12-31,1168.1,376,0.27,205.2,538,-15.8,100.2,100.2,1983-12-31,189.4,89.2,,1706.1,332.8,332.8000000000002,
TR,2019,2019-12-31,330.097,67.43848,0.96241,69.214,197.016,13.536,64.92,64.839,2019-12-31,85.404,20.565,,527.113,127.802,127.80200000000002,2.632
TR,2018,2018-12-31,330.747,68.12729,0.83522,70.482,188.173,1.592,56.893,56.805,2018-12-31,73.206,16.401,,518.92,117.691,117.69099999999997,1.143
TR,2017,2017-12-31,326.896,69.03821,0.87673,71.416,192.393,12.943,80.864,60.336,2017-12-31,84.561,24.225,,519.289,121.723,120.97699999999998,0.177
TR,2016,2016-12-31,321.309,70.05164,0.96365,92.414,199.791,5.345,67.51,67.319,2016-12-31,97.912,30.593,,521.1,108.215,107.37699999999995,0.146
TR,2015,2015-12-31,340.979,71.22835,0.92783,91.082,199.133,1.368,66.089,66.127,2015-12-31,92.578,26.451,,540.112,108.791,108.05099999999999,0.126
TR,2014,2014-12-31,341.88,70.20905,0.88585,85.744,201.645,5.523,63.298,62.86,2014-12-31,91.294,28.434,,543.525,118.714,115.90100000000001,0.246
TR,2013,2013-12-31,351.9,71.2,0.84,71.4,191.5,10.2,60.8,60.8,2013-12-31,84.5,23.6,,543.4,119.1,120.10000000000002,0.3
TR,2012,2012-12-31,366.5,72.2,0.73,68.6,183.3,5.3,52,52,2012-12-31,74.2,22.2,,549.9,113.8,114.69999999999999,0.3
TR,2011,2011-12-31,366.3,73.3,0.6,58,166.2,2.9,43.9,43.9,2011-12-31,60.9,17,,532.5,108.3,108.19999999999999,0.3
TR,2010,2010-12-31,349.4,74.4,0.72,65.7,172,7.8,53.7,53.7,2010-12-31,74.1,20.4,,521.4,106.3,106.30000000000001,0.5
TR,2009,2009-12-31,319.5,75.4,0.91,57.7,179.8,6.4,53.5,53.5,2009-12-31,64.2,10.7,,499.3,103.8,122.19999999999999,0.1
TR,2008,2008-12-31,334.2,76.4,0.55,61.4,161.8,-5.7,38.8,38.8,2008-12-31,55.9,17.1,,496,95.3,100.40000000000003,0.1
TR,2007,2007-12-31,329,78.3,0.66,70.9,168.7,5.8,51.6,51.6,2007-12-31,77.2,25.5,,497.7,97.8,97.89999999999998,0.3
TR,2006,2006-12-31,310.5,79.6,0.82,86.3,185.5,3.3,65.9,65.9,2006-12-31,94.7,28.8,,496,99.2,99.19999999999999,4.5
TR,2005,2005-12-31,299.2,81,0.81,108.7,188.6,1.9,77.2,77.2,2005-12-31,113.7,36.4,,487.7,96.9,79.80000000000001,2.9
TR,2004,2004-12-31,244.5,81.5,0.79,89.9,175.6,3.6,64.2,64.2,2004-12-31,94.7,30.5,,420.1,85.7,85.69999999999999,1.4
TR,2003,2003-12-31,222.5,83,0.78,92.4,170.1,4.2,65,65,2003-12-31,97.9,32.9,,392.7,77.8,77.80000000000001,1.3
TR,2002,2002-12-31,220.8,85.2,0.78,96.7,172.4,5,66.4,66.4,2002-12-31,100.7,34.3,,393.2,75.8,75.69999999999999,-1
TR,2001,2001-12-31,216.7,85.9,0.76,93.9,206.8,6.1,65.7,65.7,2001-12-31,100.8,35.1,,423.5,109.1,112.90000000000003,0.8
TR,2000,2000-12-31,207.1,86.7,0.87,110.7,220,7.1,75.7,75.7,2000-12-31,117.8,42.1,,427.1,105.8,109.20000000000002,-0.1
TR,1999,1999-12-31,192.6,88.3,0.81,104.5,204.2,7.5,71.3,71.3,1999-12-31,111.4,40.1,,396.8,97,99.6,-0.6
TR,1998,1998-12-31,187.6,89.3,0.76,101.3,201,4.9,67.5,67.5,1998-12-31,106.1,38.5,,388.7,97.1,99.79999999999998,-0.1
TR,1997,1997-12-31,188.3,89.8,0.68,90.1,187.3,5.8,60.7,60.7,1997-12-31,95.4,34.7,,375.6,94.5,97.19999999999999,-0.6
TR,1996,1996-12-31,178.5,90.8,0.52,71.5,162.4,3.7,47.2,47.2,1996-12-31,75.1,27.9,,340.9,88.2,90.89999999999998,-0.2
TR,1995,1995-12-31,166.7,90.8,0.44,61.4,145.9,2.7,40.4,40.4,1995-12-31,64,23.7,,312.7,81.8,84.60000000000002,-0.1
TR,1994,1994-12-31,155.6,90.8,0.42,60,141.4,,37.9,37.9,1994-12-31,61.2,23.2,,296.9,78.7,81.30000000000001,1.2
TR,1993,1993-12-31,134,90.9,0.39,53.5,125.6,,35.4,35.4,1993-12-31,57.7,22.3,,259.6,70.6,72.1,4.2
TR,1992,1992-12-31,127.1,90.9,0.35,49.2,118.3,,32,32,1992-12-31,51.9,19.9,,245.4,69.1,69.1,2.7
TR,1991,1991-12-31,107.3,90.9,0.29,42.5,100.6,,25.5,26.5,1991-12-31,44.2,17.6,,207.9,58.1,58.10000000000001,1.7
TR,1990,1990-12-31,103.2,90.9,0.25,36.8,91.1,,22.6,22.6,1990-12-31,37.1,14.6,,194.3,54.3,54.3,0.4
TR,1989,1989-12-31,94,90.9,0.22,33.9,85.3,,20.2,20.2,1989-12-31,33.2,13,,179.3,51.4,51.400000000000006,-0.7
TR,1988,1988-12-31,67.8,90.9,0.18,23.8,60.8,,16.6,16.6,1988-12-31,25.5,8.9,,128.6,37,37,1.7
TR,1987,1987-12-31,57.1,90.9,0.16,24.5,57.7,,14.6,14.6,1987-12-31,26,11.4,,114.8,33.2,33.199999999999996,1.5
TR,1986,1986-12-31,55.8,90.9,0.14,24.2,55.6,,12.8,12.8,1986-12-31,25.7,12.9,,111.4,31.4,31.400000000000006,1.5
TR,1985,1985-12-31,56.3,91,0.12,21.3,50.5,,10.9,10.9,1985-12-31,22.7,11.7,,106.7,29.2,29.10000000000001,1.3
TR,1984,1984-12-31,50.8,91.3,0.1,16.2,42.3,,8.8,8.8,1984-12-31,17.7,8.9,,93.1,26.1,26.10000000000001,1.5
TR,1983,1983-12-31,44,91.5,0.06,10.3,34.1,,5.7,5.7,1983-12-31,11.5,5.8,,78,23.7,23.700000000000003,1.1
THS,2019,2019-12-31,3487.7,56.2,1.08238,-16.1,801.2,-145.9,-361,-112.2,2019-12-31,-155.8,-43.6,,4288.9,481.3,817.3000000000002,6.2
THS,2018,2018-12-31,3682.3,56,1.44589,83.4,905.5,-138.9,-64.4,-47.6,2018-12-31,-57.6,-10,,4587.8,571.4,822.0999999999995,-2.1
THS,2017,2017-12-31,3839,57.1,3.11996,79.2,1013.6,-115.1,-279.5,3.3,2017-12-31,-28.5,-31.8,,4852.6,527.5,934.3999999999996,7.4
THS,2016,2016-12-31,5049.706,55.717,0.16451,-96.792,1125.382,-95.238,-228.594,-228.594,2016-12-31,-195.363,33.231,,6175.088,744.852,1222.174,-3.333
THS,2015,2015-12-31,2562.102,43.709,2.65687,239.736,644.303,-67.937,114.91,114.91,2015-12-31,171.264,56.354,,3206.405,336.983,404.567,-0.535
THS,2014,2014-12-31,2339.498,40.238,2.63344,196.135,606.604,-57.486,89.88,89.88,2014-12-31,136.57,46.69,,2946.102,333.395,410.46900000000005,-2.079
TSN,2019,2019-09-28,37383,363,5.53796,2882,5022,-423,2022,2035,2019-09-28,2431,396,,42405,2154,2140,-28
TSN,2018,2018-09-29,34956,365,5.87346,3032,5096,-325,3024,2023,2018-09-29,2745,722,,40052,2005,2064,38
TSN,2017,2017-09-30,33142,370,5.06888,2931,5118,-272,1774,1778,2017-09-30,2628,850,,38260,2037,2187,-31
TSN,2016,2016-10-01,32184,390,4.53333,2833,4697,-245,1768,1772,2016-10-01,2598,826,,36881,1864,1864,10
TSN,2015,2015-10-03,37456,413,2.954,2169,3917,-280,1220,1224,2015-10-03,1921,697,,41373,1748,1748,32
TSN,2014,2014-09-27,34895,364,2.37,1430,2685,-125,864,856,2014-09-27,1252,396,,37580,1255,1255,-53
TSN,2013,2013-09-28,32016,367,2.31,1375,2358,-136,778,848,2013-09-28,1257,409,,34374,983,983,18
TSN,2012,2012-09-29,31118,370,1.9,1081,2160,-177,583,576,2012-09-29,927,351,,33278,912,1079,23
TSN,2011,2011-10-01,30067,380,2.01,1278,2199,-224,750,733,2011-10-01,1074,341,,32266,914,921,20
TSN,2010,2010-10-02,25916,379,2.24,1495,2514,-272,780,765,2010-10-02,1203,438,,28430,929,1019,-20
TSN,2009,2009-10-03,25501,372,-0.46,-215,1203,-293,-537,-540,2009-10-03,-526,14,,26704,841,1418,-18
TSN,2008,2008-09-27,25616,356,0.32,331,1246,-206,86,86,2008-09-27,154,68,,26862,879,915,29
TSN,2007,2007-09-29,25467,355,0.75,614,1433,-224,268,268,2007-09-29,410,142,,26900,817,819,20
TSN,2006,2006-09-30,24631,345,-0.55,-77,928,-238,-196,-191,2006-09-30,-293,-102,,25559,935,1005,22
TSN,2005,2005-10-01,24274,357,1.04,765,1740,-227,372,372,2005-10-01,528,156,,26014,928,975,-10
TSN,2004,2004-10-02,24550,357,1.13,925,1891,-275,403,403,2004-10-02,635,232,,26441,880,966,-15
TSN,2003,2003-09-27,22805,352,1.1,837,1744,-296,337,337,2003-09-27,523,186,,24549,831,907,-18
TSN,2002,2002-09-28,21550,355,1.28,887,1817,-305,383,383,2002-09-28,593,210,,23367,877,930,11
TSN,2001,2001-09-29,9661,222,0.58,315,1090,-144,88,107,2001-09-29,165,58,,10751,775,775,-6
TSN,2000,2000-09-30,6044,226,0.82,348,1114,-115,151,151,2000-09-30,234,83,,7158,732,766,1
TSN,1999,1999-10-02,6054,231,1.37,487,1309,-121,230,242,1999-10-02,371,129,,7363,709,822,5
TSN,1998,1998-10-03,6260,228,0.66,204,1154,-139,25,25,1998-10-03,71,46,,7414,775,951,7
TSN,1997,1997-09-27,5318,218,0.98,400,1038,-110,186,186,1997-09-27,330,144,,6356,610,638,40
TSN,1996,1996-09-28,5506,218,0.52,270,948,-142,87,84,1996-09-28,133,49,,6454,651,678,5
TSN,1995,1995-09-30,4423,218,1.13,472,1088,-131,219,213,1995-09-30,344,131,,5511,591,617,2
TSN,1994,1994-10-01,4149,222,0.75,195,961,-86,-2,-2,1994-10-01,119,121,,5110,522,766,9
TSN,1993,1993-10-02,3797,223,0.95,376,911,-73,180,180,1993-10-02,310,129,,4707,505,535,7
TSN,1992,1992-10-03,3390,208,0.92,332,778,-77,161,161,1992-10-03,261,101,,4169,417,447,6
TSN,1991,1991-09-28,3147,207,0.84,333,775,-95,145,145,1991-09-28,243,97,,3922,412,442,5
TSN,1990,1990-09-29,3082,199,0.73,320,744,-129,120,120,1990-09-29,200,80,,3825,398,423,9
TSN,1989,1989-09-30,2056,195,0.54,211,482,-45,101,101,1989-09-30,164,63,,2538,268,272,-2
TSN,1988,1988-09-30,1628,192,0.43,124,308,-19,81,81,1988-09-30,104,23,,1936,184,184,0
TSN,1987,1987-09-30,1483,192,0.35,146,303,-23,68,68,1987-09-30,123,55,,1786,157,157,0
TSN,1986,1986-09-30,1272,192,0.26,115,232,-21,50,50,1986-09-30,98,48,,1504,117,117,3
TSN,1985,1985-09-30,954,178,0.2,89,181,-19,35,35,1985-09-30,70,35,,1136,92,93,1
TSN,1984,1984-09-30,652,176,0.1,43,98,-11,18,18,1984-09-30,33,15,,750,55,55,0
TSN,1983,1983-09-30,529,176,0.06,29,74,-10,11,11,1983-09-30,20,9,,604,45,45,1
UNFI,2020,2020-08-01,22639.475,53.778,1.39822,-184.312,3874.792,-191.607,-274.14,-293.506,2020-08-01,-344.454,-50.948,,26514.267,438.762,4059.104000000003,31.465
UNFI,2019,2019-08-03,19098.85,51.245,0.0308,-199.772,3208.606,-180.789,-284.73,-285.521,2019-08-03,-344.457,-58.936,,22307.456,40.495,3408.3780000000006,36.104
UNFI,2018,2018-07-28,8706.669,50.837,3.05193,224.472,1520.014,-16.025,162.777,141.058,2018-07-28,209.992,68.934,,10226.683,25.783,1295.5419999999995,1.545
UNFI,2017,2017-07-29,7845.55,50.775,2.64543,226.025,1428.921,-16.754,130.155,130.155,2017-07-29,214.423,84.268,,9274.471,,1202.8959999999997,5.152
UNFI,2016,2016-07-30,7190.935,50.399,2.56194,224.109,1279.351,-15.144,125.766,125.766,2016-07-30,208.222,82.456,,8470.286,,1055.2419999999993,-0.743
UNFI,2015,2015-08-01,6924.463,50.267,2.76959,241.957,1260.515,-14.142,138.734,138.734,2015-08-01,229.769,91.035,,8184.978,,1018.558,1.954
UNFI,2014,2014-08-02,5667,50,2.52,211,1128,-7,125,125,2014-08-02,207,82,,6794,,917,4
UNFI,2013,2013-08-03,5039,50,2.2,185,1025,-5,108,108,2013-08-03,174,66,,6064,,840,-6
UNFI,2012,2012-07-28,4320,49,1.94,155,916,-4,91,91,2012-07-28,151,59,,5236,,761,0
UNFI,2011,2011-07-30,3705,48,1.68,130,825,-4,77,77,2011-07-30,126,50,,4530,,695,1
UNFI,2010,2010-07-31,3060,43,1.57,115,697,-6,68,68,2010-07-31,112,44,,3757,,582,3
UNFI,2009,2009-08-01,2794,43,1.38,110,660,-9,59,59,2009-08-01,100,41,,3455,,551,0
UNFI,2008,2008-08-02,2732,43,1.13,92,634,-15,48,48,2008-08-02,77,29,,3366,,541,0
UNFI,2007,2007-07-28,2245,43,1.18,93,510,-11,50,50,2007-07-28,82,32,,2754,,416,0
UNFI,2006,2006-07-29,1968,42,1.02,80,466,-11,43,43,2006-07-29,69,26,,2434,,386,0
UNFI,2005,2005-07-31,1665,42,1,73,395,-6,42,42,2005-07-31,67,25,,2060,,322,1
UNFI,2004,2004-07-31,1339,41,0.78,58,330,-7,32,32,2004-07-31,52,20,,1670,,272,1
UNFI,2003,2003-07-31,1100,39,0.55,41,280,-8,20,20,2003-07-31,33,13,,1380,,239,1
UNFI,2002,2002-07-31,934,39,0.45,40,241,-12,17,17,2002-07-31,29,11,,1175,,201,0
UNFI,2001,2001-07-31,808,38,0.37,30,208,-8,13,13,2001-07-31,22,9,,1017,,179,1
UNFI,2000,2000-07-31,735,37,0.01,4,174,-6,-1,-1,2000-07-31,-2,-1,,909,,170,1
UNFI,1999,1999-07-31,680,37,0.42,27,177,-6,13,13,1999-07-31,24,10,,857,,150,2
UNFI,1998,1998-07-31,579,36,0.43,29,150,-5,13,13,1998-07-31,25,12,,729,,121,1
UNFI,1997,1997-07-31,508,33,0.31,22,127,-6,9,10,1997-07-31,17,7,,635,,104,1
UNFI,1996,1996-07-31,350,30,0.18,14,90,-6,5,5,1996-07-31,8,3,,440,,76,0
UNFI,1995,1995-10-31,223,20,0.13,9,60,-3,3,3,1995-10-31,6,3,,283,,52,0
UNFI,1994,1994-10-31,156,20,0.15,7,44,-2,3,3,1994-10-31,5,2,,201,,37,0
UNFI,1993,1993-10-31,121,18,0.13,5,32,-1,2,2,1993-10-31,4,2,,154,,28,0
UNFI,1992,1992-10-31,99,18,0.08,3,25,-1,1,1,1992-10-31,2,1,,124,,22,0
WDFC,2019,2019-08-31,191.01,13.83,4.64497,82.382,232.34,-1.612,55.908,64.573,2019-08-31,80.77,16.197,6.5,423.35,140.752,149.95800000000003,
WDFC,2018,2018-08-31,183.255,13.962,4.13207,78.604,225.263,-3.426,65.215,58.115,2018-08-31,75.178,17.063,7,408.518,136.708,146.659,
WDFC,2017,2017-08-31,166.621,14.123,3.72492,75.909,213.885,-1.287,52.93,52.93,2017-08-31,74.622,21.692,8.4,380.506,126.697,137.97599999999997,
WDFC,2016,2016-08-31,166.301,14.379,3.63683,71.348,214.369,1.441,52.628,52.628,2016-08-31,72.789,20.161,7.7,380.67,132.345,143.02100000000002,
WDFC,2015,2015-08-31,177.972,14.649,3.04021,65.39,200.178,-2.28,44.807,44.807,2015-08-31,63.11,18.303,,378.15,131.749,134.78799999999998,
WDFC,2014,2014-08-31,184.1,15.1,2.87,63.7,198.9,-0.4,43.7,43.7,2014-08-31,63,19.2,,383,132.5,135.20000000000002,-0.4
WDFC,2013,2013-08-31,179.4,15.6,2.58,56.6,189.2,-0.2,39.8,39.8,2013-08-31,56.9,17.1,,368.5,129.2,132.49999999999997,0.4
WDFC,2012,2012-08-31,174.3,16,2.2,51.7,168.5,-0.5,35.5,35.5,2012-08-31,50.9,15.4,,342.8,114.6,116.80000000000001,-0.3
WDFC,2011,2011-08-31,168.3,17,2.14,54.1,168.1,-0.8,36.4,36.4,2011-08-31,53.5,17.1,,336.4,112.4,114,0.2
WDFC,2010,2010-08-31,156.2,16.7,2.15,55.2,165.3,-1.6,36.1,36.1,2010-08-31,53.6,17.5,,321.5,109.4,110.10000000000002,-0.1
WDFC,2009,2009-08-31,147.5,16.7,1.85,39.8,144.5,-2.1,26.3,26.3,2009-08-31,38.3,12,,292,97.5,104.69999999999999,0.5
WDFC,2008,2008-08-31,168.8,16.8,1.7,42.7,148.3,-1.7,27.6,27.6,2008-08-31,42,14.4,,317.1,103.6,105.59999999999997,1
WDFC,2007,2007-08-31,159,17.3,1.83,49,148.9,-2,31.5,31.5,2007-08-31,47.2,15.6,,307.8,99.3,99.80000000000001,0.2
WDFC,2006,2006-08-31,148.5,16.9,1.66,46,138.4,-3.5,28.1,28.1,2006-08-31,42.9,14.7,,286.9,91.8,92.4,0.3
WDFC,2005,2005-08-31,133.8,16.8,1.65,47.4,129.4,-5.1,27.8,27.8,2005-08-31,42.9,15.1,,263.2,81.4,82,0.6
WDFC,2004,2004-08-31,116.9,17.1,1.5,45.4,125.5,-6.4,25.6,25.6,2004-08-31,38.9,13.2,,242.5,79.9,80.1,-0.2
WDFC,2003,2003-08-31,115.9,16.8,1.74,49.8,122.2,-6.7,28.6,28.6,2003-08-31,43.4,14.8,,238.1,71.5,72.5,0.4
WDFC,2002,2002-08-31,108.2,16.2,1.57,41.3,108.6,-5.8,24.7,24.7,2002-08-31,35.8,11.1,,216.8,66,67.2,0.3
WDFC,2001,2001-08-31,79.5,15.5,1.34,28.1,84.2,-2.6,15.9,16.9,2001-08-31,25.6,8.7,,163.7,52.2,56.19999999999999,0.1
WDFC,2000,2000-08-31,69.4,15.5,1.48,31.6,77.1,-0.7,20.6,20.6,2000-08-31,31.1,10.6,,146.5,43,45.39999999999999,0.2
WDFC,1999,1999-08-31,64.6,15.7,1.51,33.9,81.8,0,22.1,22.1,1999-08-31,34.2,12.1,,146.3,46.3,47.80000000000001,0.2
WDFC,1998,1998-08-31,63,15.7,1.48,34.2,81.4,0.6,21.9,21.9,1998-08-31,34.3,12.4,,144.4,45.9,47.2,-0.5
WDFC,1997,1997-08-31,59.3,15.6,1.46,34.6,78.6,0.1,21.4,21.4,1997-08-31,33.4,12,,137.9,42.6,43.900000000000006,-1.3
WDFC,1996,1996-08-31,57.9,15.5,1.45,32.7,73,0.4,21.3,21.3,1996-08-31,33.4,12.1,,130.9,39.2,40.300000000000004,0.3
WDFC,1995,1995-08-31,50.2,15.4,1.35,31.5,66.5,1.1,20.5,20.5,1995-08-31,32.7,12.2,,116.8,34.7,35.099999999999994,0.1
WDFC,1994,1994-08-31,47,15.4,1.35,19.8,65.1,,12.7,12.7,1994-08-31,20.5,7.8,,112.2,32.5,45.400000000000006,0.7
WDFC,1993,1993-08-31,44.7,15.3,1.36,30.5,64.3,0,19.3,19.3,1993-08-31,31.7,12.4,,109,31.2,33.7,1.2
WDFC,1992,1992-08-31,42.2,15.2,1.19,28.2,57.7,0,18.1,18.1,1992-08-31,29.5,11.4,,100,29.5,29.599999999999994,1.3
WDFC,1991,1991-08-31,39.8,15.1,1.01,23.7,50,0,15.3,15.3,1991-08-31,25.1,9.8,,89.8,26.3,26.299999999999997,1.4
WDFC,1990,1990-08-31,40.4,15.1,1.03,23.3,50.5,0,15.5,15.5,1990-08-31,25.2,9.7,,91,27.3,27.300000000000004,1.9
WDFC,1989,1989-08-31,36.3,15.1,1.04,23.8,47.6,0,15.8,15.8,1989-08-31,25.9,10.2,,83.9,23.7,23.800000000000004,2.1
WDFC,1988,1988-08-31,33.9,15.1,1.03,24.2,46.1,0,15.5,15.5,1988-08-31,25.4,9.9,,80,21.9,21.9,1.2
WDFC,1987,1987-08-31,30.2,15,0.73,19.7,40.7,0,11,11,1987-08-31,20.7,9.7,,70.9,21,21.000000000000004,1
WDFC,1986,1986-08-31,29.4,15,0.77,21.4,40,0,11.6,11.6,1986-08-31,22.7,11.1,,69.4,18.6,18.6,1.3
WDFC,1985,1985-08-31,24.4,15,0.62,17.8,32.9,0,9.4,9.4,1985-08-31,19.3,10,,57.3,15.1,15.100000000000001,1.5
WDFC,1984,1984-08-31,24.1,15,0.67,18.9,33.2,0,10.1,10.1,1984-08-31,20.4,10.4,,57.3,14.3,14.299999999999997,1.5
WDFC,1983,1983-08-31,21.8,14.9,0.53,14.8,28.4,0,8,8,1983-08-31,16.1,8.1,,50.2,13.6,13.599999999999998,1.3
