symbol,year,period,costOfGoodsSold,dilutedAverageSharesOutstanding,dilutedEPS,ebit,grossIncome,interestIncomeExpense,netIncome,netIncomeAfterTaxes,period,pretaxIncome,provisionforIncomeTaxes,researchDevelopment,revenue,sgaExpense,totalOperatingExpense,totalOtherIncomeExpenseNet
MMM,2019,2019-12-31,17160,585.1,9.12323,6138,14976,-530,4570,4582,2019-12-31,5712,1130,1874,32136,6892,8838,104
MMM,2018,2018-12-31,16657,602,8.63883,7207,16108,-280,5349,5539,2018-12-31,7000,1461,1816,32765,7497,8901,73
MMM,2017,2017-12-31,15976,612.7,8.46265,7788,15681,-368,4858,5631,2017-12-31,7548,1917,1862,31657,6621,7893,128
MMM,2016,2016-12-31,15115,618.7,8.03361,7027,14994,-170,5050,5058,2016-12-31,7053,1995,1764,30109,6311,7967,196
MMM,2015,2015-12-31,15341,637.2,7.71168,6946,14933,-123,4833,4841,2015-12-31,6823,1982,1751,30274,6120,7987,
MMM,2014,2014-12-31,16437,662,7.49,7135,15384,-109,4956,4998,2014-12-31,7026,2028,1770,31821,6469,8249,
MMM,2013,2013-12-31,16087,694,6.72,6666,14784,-104,4659,4721,2013-12-31,6562,1841,1715,30871,6384,8118,
MMM,2012,2012-12-31,15685,703,6.32,6483,14219,-132,4444,4511,2012-12-31,6351,1840,1634,29904,6102,7736,
MMM,2011,2011-12-31,15693,719,5.96,6178,13918,-147,4283,4357,2011-12-31,6031,1674,1570,29611,6170,7740,
MMM,2010,2010-12-31,13831,726,5.75,5918,12831,-163,4085,4163,2010-12-31,5755,1592,1434,26662,5479,6913,
MMM,2009,2009-12-31,12109,707,4.71,4814,11014,-182,3193,3244,2009-12-31,4632,1388,1285,23123,4816,6200,
MMM,2008,2008-12-31,13379,707,5.15,5218,11890,-110,3460,3520,2008-12-31,5108,1588,1394,25269,5110,6672,
MMM,2007,2007-12-31,12735,732,4.18,6193,11727,-78,4096,4151,2007-12-31,6115,1964,1368,24462,5015,5534,
MMM,2006,2006-12-31,11583,761,4.61,5696,11340,-71,3851,3902,2006-12-31,5625,1723,1352,22923,4828,5644,
MMM,2005,2005-12-31,10381,777,4.16,5009,10786,-26,3199,3289,2005-12-31,4983,1694,1242,21167,4535,5777,
MMM,2004,2004-12-31,9958,797,3.75,4578,10053,-23,2990,3052,2004-12-31,4555,1503,1143,20011,4332,5475,0
MMM,2003,2003-12-31,9285,795,3.02,3713,8947,-56,2403,2455,2003-12-31,3657,1202,1102,18232,4039,5234,93
MMM,2002,2002-12-31,8375,791,2.65,3046,7957,-41,1974,2039,2002-12-31,3005,966,1066,16332,3643,4911,0
MMM,2001,2001-12-31,8749,800,1.79,2273,7330,-87,1430,1484,2001-12-31,2186,702,1084,16079,4061,5057,-88
MMM,2000,2000-12-31,8787,800,2.32,3058,7937,-84,1782,1949,2000-12-31,2974,1025,1101,16724,3963,4879,-185
MMM,1999,1999-12-31,8852,813,2.15,2956,6807,-76,1763,1848,1999-12-31,2880,1032,,15659,3879,3851,
MMM,1998,1998-12-31,8705,816,1.87,2039,6316,-97,1175,1267,1998-12-31,1952,685,,15021,3784,4277,
MMM,1997,1997-12-31,8580,837,1.92,2675,6490,-38,2121,2199,1997-12-31,3440,1241,,15070,3815,3815,
MMM,1996,1996-12-31,8099,844,1.8,2491,6137,-12,1526,1593,1996-12-31,2479,886,,14236,3646,3646,
MMM,1995,1995-12-31,7720,845,1.61,2221,5740,-53,976,1383,1995-12-31,2168,785,,13460,3440,3519,
MMM,1994,1994-12-31,8995,846,1.59,2216,6084,-87,1322,1383,1994-12-31,2154,771,,15079,3833,3868,25
MMM,1993,1993-12-31,8529,869,1.45,1956,5491,-50,1263,1295,1993-12-31,2002,707,,14020,3535,3535,96
MMM,1992,1992-12-31,8346,876,1.4,1994,5537,-76,1233,1260,1992-12-31,1947,687,,13883,3557,3543,29
MMM,1991,1991-12-31,8058,878,1.31,1959,5282,-97,1154,1186,1991-12-31,1877,691,,13340,3323,3323,15
MMM,1990,1990-12-31,7656,886,1.48,2191,5365,-98,1308,1337,1990-12-31,2135,798,,13021,3174,3174,42
MMM,1989,1989-12-31,6946,889,1.4,2150,5044,-98,1244,1274,1989-12-31,2099,825,,11990,2894,2894,47
MMM,1988,1988-12-31,6551,908,1.27,2016,4772,-99,1154,1182,1988-12-31,1985,803,,11323,2756,2756,68
MMM,1987,1987-12-31,5852,914,1,1683,4152,-99,918,940,1987-12-31,1646,706,,10004,2469,2469,62
MMM,1986,1986-12-31,5074,917,0.85,1410,3528,-106,779,779,1986-12-31,1348,569,,8602,2118,2118,44
MMM,1985,1985-12-31,4746,920,0.72,1150,3100,-104,664,664,1985-12-31,1097,433,,7846,1950,1950,51
MMM,1984,1984-12-31,4559,936,0.78,1286,3146,-91,733,733,1984-12-31,1253,520,,7705,1860,1860,58
MMM,1983,1983-12-31,4163,942,0.71,1139,2876,-74,667,667,1983-12-31,1112,445,,7039,1737,1737,47
AOS,2019,2019-12-31,1812,166.7109,2.21941,472.1,1180.7,,370,370,2019-12-31,472.1,102.1,,2992.7,715.6,708.5999999999999,
AOS,2018,2018-12-31,1882.4,172.19404,2.61063,557.8,1305.5,,444.2,444.2,2018-12-31,557.8,113.6,,3187.9,753.8,747.6999999999998,
AOS,2017,2017-12-31,1764.3,174.60519,2.1666,520.8,1232.4,,296.5,378.3,2017-12-31,520.8,142.5,,2996.7,722.8,711.6000000000001,
AOS,2016,2016-12-31,1571.7,176.82528,1.84646,462.5,1114.2,,326.5,326.5,2016-12-31,462.5,136,,2685.9,662.5,651.7,
AOS,2015,2015-12-31,1526.7,179.00918,1.58037,402.5,1009.8,,282.9,282.9,2015-12-31,402.5,119.6,,2536.5,610.7,607.3,
AOS,2014,2014-12-31,1496.7,182,1.14,286.7,859.3,,207.8,207.8,2014-12-31,286.7,78.9,,2356,572.1,572.6000000000001,-5.2
AOS,2013,2013-12-31,1380,185.6,0.96,236.4,773.8,,169.7,169.7,2013-12-31,236.4,66.7,,2153.8,524.5,537.4000000000001,-3.8
AOS,2012,2012-12-31,1287.3,186.2,0.86,233.8,652,,158.7,162.6,2012-12-31,233.8,71.2,,1939.3,450.5,418.20000000000005,-28.3
AOS,2011,2011-12-31,1197.9,186.3,0.56,161.5,512.6,,305.7,111.2,2011-12-31,161.5,50.3,,1710.5,372.8,351.0999999999999,-19.8
AOS,2010,2010-12-31,1043.3,184.7,0.46,74.4,446,,111.7,57.1,2010-12-31,74.4,17.3,,1489.3,328.7,371.60000000000014,0.5
AOS,2009,2009-12-31,1490.8,143.9,0.56,119.6,500.7,,81.3,90,2009-12-31,119.6,29.6,,1991.5,366.6,381.10000000000014,3
AOS,2008,2008-12-31,1807.4,181.7,0.49,110.1,497.5,,81.9,82.2,2008-12-31,110.1,27.9,,2304.9,357.4,387.4000000000001,1.6
AOS,2007,2007-12-31,1798.7,185.8,0.59,99.9,513.4,,88.2,88.2,2007-12-31,99.9,11.7,,2312.1,363,413.4999999999998,-0.9
AOS,2006,2006-12-31,1697.4,186,0.45,104.8,463.9,,76.5,76.2,2006-12-31,104.8,28.6,,2161.3,324,359.0999999999999,0.6
AOS,2005,2005-12-31,1337.2,181.7,0.32,68.7,352,,46.5,46.5,2005-12-31,68.7,22.2,,1689.2,251.8,283.29999999999995,1.9
AOS,2004,2004-12-31,1355.1,179.5,0.2,47.5,298,,35.4,35.4,2004-12-31,47.5,12.1,,1653.1,235.8,250.5,1.2
AOS,2003,2003-12-31,1232,178.3,0.29,79,298.7,,52.2,52.2,2003-12-31,79,26.8,,1530.7,206.2,219.70000000000005,1.1
AOS,2002,2002-12-31,1169.3,165.9,0.31,78.4,299.8,,51.3,51.3,2002-12-31,78.4,27,,1469.1,206.2,221.4000000000001,1
AOS,2001,2001-12-31,948.8,143.5,0.19,22.5,202.3,,14.5,14.5,2001-12-31,22.5,8,,1151.2,145.7,179.9000000000001,1.4
AOS,2000,2000-12-31,999.8,142.1,0.29,65.1,248.1,,29.8,41.7,2000-12-31,65.1,23.4,,1247.9,153.7,183.10000000000014,0.3
AOS,1999,1999-12-31,832.4,142.7,0.35,77.1,206.9,,42.4,50.3,1999-12-31,77.1,26.8,,1039.3,110.6,129.80000000000007,7.8
AOS,1998,1998-12-31,730.5,145.1,0.33,73,187,,44.5,47.7,1998-12-31,73,25.3,,917.6,106.6,114.10000000000002,4.4
AOS,1997,1997-12-31,662.2,169.1,0.23,61.7,170.7,,153.8,40.3,1997-12-31,61.7,21.4,,832.9,107,109.09999999999991,3.3
AOS,1996,1996-12-31,614.2,190.4,0.14,46.2,167,,65.4,29.1,1996-12-31,46.2,17.1,,781.2,107.4,120.79999999999995,5.6
AOS,1995,1995-12-31,1321.6,190.2,0.32,93.5,223.2,,61.4,58,1995-12-31,93.5,35.5,,1544.8,113,129.60000000000014,3.5
AOS,1994,1994-12-31,1162.1,187.8,0.31,90.5,211.5,,57.3,55.8,1994-12-31,90.5,34.7,,1373.5,108.9,120.90000000000009,
AOS,1993,1993-12-31,1015.4,184.9,0.23,68.5,178.5,,42.7,40.4,1993-12-31,68.5,28.1,,1193.9,96.3,110.00000000000011,0.2
AOS,1992,1992-12-31,903.6,184.7,0.14,38.8,142.7,,-17.3,23.7,1992-12-31,38.8,15.1,,1046.3,85.6,103.89999999999998,0.4
AOS,1991,1991-12-31,791.1,179.9,0.01,6.3,88.6,,5,3.5,1991-12-31,6.3,2.8,,879.7,68.9,82.29999999999995,0.6
AOS,1990,1990-12-31,813.4,179.6,0.17,39.6,121.8,,30.5,27.9,1990-12-31,39.6,11.7,,935.2,68.2,82.20000000000005,-1.5
AOS,1989,1989-12-31,883.9,142.8,0.01,-4.9,92.4,,-9.6,-6.3,1989-12-31,-4.9,1.4,,976.3,62.9,97.20000000000005,1.5
AOS,1988,1988-12-31,908.1,185.9,0.1,28.9,107.3,,19,16.7,1988-12-31,28.9,12.2,,1015.4,64.6,78.39999999999998,0.5
AOS,1987,1987-12-31,874.5,152.4,0.08,24.5,95.9,,18.4,13.8,1987-12-31,24.5,10.8,,970.4,64.2,71.39999999999998,-0.7
AOS,1986,1986-12-31,800.6,148.6,0.15,48.1,110.3,,29,24.8,1986-12-31,48.1,23.3,,910.9,59.2,62.19999999999993,-5.1
AOS,1985,1985-12-31,777,135.6,0.19,38.1,103.9,,41.2,20.1,1985-12-31,38.1,18,,880.9,53.3,65.79999999999995,1.6
AOS,1984,1984-12-31,764.4,133.3,0.2,32.1,99.8,,-43.2,18.1,1984-12-31,32.1,13.9,,864.1,49.1,67.70000000000005,0.3
AOS,1983,1983-12-31,704.4,132.7,0.15,34.4,86.9,,13.6,18,1983-12-31,34.4,16.3,,791.3,46.5,52.5,0.2
ABT,2019,2019-12-31,13196,1781,2.12158,4469,18708,-583,3687,3601,2019-12-31,4077,476,2408,31904,9694,14239,191
ABT,2018,2018-12-31,12691,1770,1.51177,3483,17887,-749,2368,2464,2018-12-31,2873,409,2288,30578,9691,14404,139
ABT,2017,2017-12-31,12397,1749,1.17923,1564,14993,-746,477,1813,2017-12-31,2231,418,2183,27390,8964,13429,1413
ABT,2016,2016-12-31,9085,1483,0.73302,3026,11768,-827,1400,1063,2016-12-31,1413,350,1442,20853,6718,8742,-786
ABT,2015,2015-12-31,8729,1506,1.78206,2867,11676,35,4423,2606,2015-12-31,3183,577,1371,20405,6742,8809,281
ABT,2014,2014-12-31,9198,1527,1.21,2581,11049,-49,2284,1721,2014-12-31,2518,797,1292,20247,6439,8468,-14
ABT,2013,2013-12-31,9958,1574,1.56,2629,11890,-140,2576,2383,2013-12-31,2521,138,1452,21848,6889,9261,32
ABT,2012,2012-12-31,15050,1592,5.51,6734,24824,-505,5963,5963,2012-12-31,6263,300,4322,39874,11940,18090,34
ABT,2011,2011-12-31,15541,1567,4.71,5752,23311,-395,4728,4728,2011-12-31,5199,470,4129,38851,12563,17558,-159
ABT,2010,2010-12-31,14665,1556,4.21,6088,20502,-437,4626,4626,2010-12-31,5713,1087,3724,35167,10320,14414,62
ABT,2009,2009-12-31,13209,1555,3.87,7320,17555,-417,5746,5746,2009-12-31,7194,1448,2744,30765,8203,10236,291
ABT,2008,2008-12-31,12612,1561,3.14,5788,16916,-292,4881,4734,2008-12-31,5856,1122,2689,29528,8400,11128,361
ABT,2007,2007-12-31,11422,1560,2.39,4579,14492,27,3606,3606,2007-12-31,4470,863,2506,25914,7408,9914,-136
ABT,2006,2006-12-31,9815,1537,2.43,2042,12661,155,1717,1717,2006-12-31,2276,560,2255,22476,6350,10619,79
ABT,2005,2005-12-31,10641,1564,2.17,4362,11697,266,3372,3372,2005-12-31,4620,1248,1821,22338,5496,7335,-8
ABT,2004,2004-12-31,8884,1571,2.2,3898,10796,197,3236,3176,2004-12-31,4126,950,1697,19680,4922,6898,30
ABT,2003,2003-12-31,9465,1572,1.82,3323,10215,380,2753,2753,2003-12-31,3734,981,1733,19681,5059,6893,32
ABT,2002,2002-12-31,8506,1573,1.84,3530,9178,387,2794,2794,2002-12-31,3673,880,1562,17685,3979,5649,-244
ABT,2001,2001-12-31,7748,1566,1.84,1894,8537,68,1550,1550,2001-12-31,1883,333,1578,16285,3735,6643,-79
ABT,2000,2000-12-31,6239,1566,1.71,3401,7507,451,2786,2786,2000-12-31,3816,1030,1351,13746,2894,4106,-35
ABT,1999,1999-12-31,5977,1558,1.57,3149,7200,282,2446,2446,1999-12-31,3397,951,1194,13178,2857,4051,-35
ABT,1998,1998-12-31,5394,1546,1.51,3118,7083,131,2333,2333,1998-12-31,3241,907,1222,12478,2744,3966,-8
ABT,1997,1997-12-31,5046,1561,1.34,2850,6838,112,2094,2094,1997-12-31,2950,855,1302,11883,2685,3987,-12
ABT,1996,1996-12-31,4732,1581,1.19,2617,6281,57,1882,1882,1996-12-31,2670,788,1205,11013,2460,3664,-4
ABT,1995,1995-12-31,4326,1607,1.05,2383,5686,12,1689,1689,1995-12-31,2395,707,1073,10012,2231,3303,0
ABT,1994,1994-12-31,3994,1624,0.93,2144,5162,22,1517,1517,1994-12-31,2167,650,964,9156,2054,3018,0
ABT,1993,1993-12-31,3685,1658,0.84,1924,4723,-16,1399,1399,1993-12-31,1943,544,881,8408,1988,2799,36
ABT,1992,1992-12-31,3505,1688,0.73,1526,4347,261,1239,1239,1992-12-31,1739,500,772,7852,1833,2821,-49
ABT,1991,1991-12-31,3140,1708,0.64,1557,3737,-19,1089,1089,1991-12-31,1544,456,666,6877,1513,2180,6
ABT,1990,1990-12-31,2910,1740,0.55,1406,3249,-40,966,966,1990-12-31,1351,385,567,6159,1276,1843,-15
ABT,1989,1989-12-31,2557,1787,0.48,1221,2823,-1,860,860,1989-12-31,1194,334,502,5380,1100,1602,-26
ABT,1988,1988-12-31,2353,1806,0.42,1102,2584,-16,752,752,1988-12-31,1055,303,455,4937,1027,1482,-31
ABT,1987,1987-12-31,2102,1822,0.35,1006,2286,-21,633,633,1987-12-31,937,305,361,4388,919,1280,-48
ABT,1986,1986-12-31,1868,1865,0.29,879,1939,-23,540,540,1986-12-31,819,278,285,3808,776,1061,-37
ABT,1985,1985-12-31,1695,1921,0.24,737,1665,-22,465,465,1985-12-31,695,229,241,3360,688,928,-21
ABT,1984,1984-12-31,1565,1930,0.21,677,1539,-24,403,403,1984-12-31,646,244,219,3104,643,862,-7
ABT,1983,1983-12-31,1518,1945,0.18,604,1410,-4,348,348,1983-12-31,575,227,185,2928,621,806,-25
ABBV,2019,2019-12-31,7606,1484,5.75749,12983,25660,-1551,7882,7882,2019-12-31,8426,544,5407,33266,6942,12677,-3006
ABBV,2018,2018-12-31,7557,1546,6.27662,6383,25196,-1168,5687,5773,2018-12-31,5197,-576,5229,32753,7399,18813,-18
ABBV,2017,2017-12-31,7158,1603,3.94326,9592,21058,-1442,5309,5709,2017-12-31,7727,2018,4982,28216,6275,11466,-423
ABBV,2016,2016-12-31,5814,1631,3.77219,9384,19824,-1268,5953,5953,2016-12-31,7884,1931,4366,25638,5855,10440,-232
ABBV,2015,2015-12-31,4500,1637,3.32098,7537,18359,-879,5144,5144,2015-12-31,6645,1501,4101,22859,6387,10822,-13
ABBV,2014,2014-12-31,4426,1610,1.3205,3411,15534,-1069,1774,1774,2014-12-31,2369,595,3297,19960,7724,12123,27
ABBV,2013,2013-12-31,4581,1604,2.8,5664,14209,-333,4128,4128,2013-12-31,5332,1204,2840,18790,5352,8545,1
ABBV,2012,2012-12-31,4508,1577,3.68,5817,13872,-101,5275,5275,2012-12-31,5725,450,2582,18380,4989,8055,9
ABBV,2011,2011-12-31,4597,1581,2.75,3621,12847,30,3433,3433,2011-12-31,3669,235,2503,17444,5845,9226,18
ABBV,2010,2010-12-31,4287,1581,2.93,4717,11351,30,4178,4178,2010-12-31,4835,658,2369,15638,3805,6634,89
ABBV,2009,2009-12-31,4056,1581,3.06,4932,10158,-19,4637,4637,2009-12-31,5950,1314,1707,14214,3322,5226,1037
ABMD,2020,2020-03-31,151.305,45.816,4.51205,244.519,689.578,12.1675,203.009,203.009,2020-03-31,256.825,53.816,98.759,840.883,341.6,445.059,0.1385
ABMD,2019,2019-03-31,129.567,46.151,5.61236,224.812,639.865,8.166,259.016,259.016,2019-03-31,263.36,4.344,93.503,769.432,321.55,415.053,30.382
ABMD,2018,2018-03-31,98.581,45.849,2.91326,157.137,495.168,3.688,112.17,133.57,2018-03-31,160.437,26.867,75.297,593.749,262.734,338.031,-0.388
ABMD,2017,2017-03-31,70.627,44.658,1.167,90.138,374.677,1.554,52.116,52.116,2017-03-31,91.343,39.227,66.386,445.304,218.153,284.539,-0.349
ABMD,2016,2016-03-31,50.419,44.895,0.84969,65.104,279.124,0.395,38.147,38.147,2016-03-31,65.838,27.691,49.759,329.543,164.261,214.02000000000004,0.339
ABMD,2015,2015-03-31,39.945,42.858,2.65267,28.666,190.366,0.196,113.688,113.688,2015-03-31,28.765,-84.923,35.973,230.311,125.727,161.70000000000002,-0.097
ABMD,2014,2014-03-31,37.3,41.6,0.18,8.4,146.3,0.1,7.4,7.4,2014-03-31,8.5,1.2,30.7,183.6,107.3,138,0
ABMD,2013,2013-03-31,31.6,41.1,0.37,16.5,126.5,0,15,15,2013-03-31,16.9,1.8,25.6,158.1,84.2,110,0.3
ABMD,2012,2012-03-31,24.5,40.2,0.04,1.5,101.9,1,1.5,1.5,2012-03-31,2.5,1,27.2,126.4,71.7,100.4,0
ABMD,2011,2011-03-31,22,37.2,-0.32,-11.2,79.2,0,-11.8,-11.8,2011-03-31,-10.9,0.9,26.7,101.2,62.3,90.3,-0.1
ABMD,2010,2010-03-31,22.5,36.9,-0.63,-25.1,63.2,0.4,-19,-19,2010-03-31,-18.4,0.7,26,85.7,60.8,88.3,0
ABMD,2009,2009-03-31,20.4,34.9,-0.91,-29.5,52.8,-1.4,-31.6,-31.6,2009-03-31,-30.8,0.8,25.3,73.2,55.4,82.30000000000001,-0.2
ABMD,2008,2008-03-31,15.1,32.5,-1.24,-36.5,43.9,-3.4,-40.9,-40.9,2008-03-31,-40.4,0.5,24.9,58.9,52.7,80.30000000000001,-0.5
ABMD,2007,2007-03-31,12,27.1,-1,-28.5,38.6,1,-27.9,-27.9,2007-03-31,-27.4,0.5,22.3,50.6,42.4,67.2,0.1
ABMD,2006,2006-03-31,11.7,25.6,-0.63,-30.3,32,1.1,-29.4,-29.4,2006-03-31,-29.1,0.4,16.7,43.7,30.9,62.3,0.1
ABMD,2005,2005-03-31,9.4,21.8,-0.11,-3.3,28.9,0.9,-2.3,-2.3,2005-03-31,-2.3,0,13.5,38.2,18.6,32.1,0
ABMD,2004,2004-03-31,7.6,21.2,-0.45,-10.3,18.1,0.8,-9.4,-9.4,2004-03-31,-9.4,0,14.3,25.7,14.1,28.4,0
ABMD,2003,2003-03-31,7.5,21,-0.87,-19.5,15.8,1.3,-18.2,-18.2,2003-03-31,-18.2,0,20.6,23.3,14.7,35.3,0
ABMD,2002,2002-03-31,7.9,20.9,-1.04,-24.6,18.9,2.9,-21.7,-21.7,2002-03-31,-21.7,0,27.4,26.9,16.2,43.6,
ABMD,2001,2001-03-31,7.4,20.6,-0.55,-17.6,17.5,6.2,-11.4,-11.4,2001-03-31,-11.4,0,22.7,24.9,12.4,35.1,
ABMD,2000,2000-03-31,5.9,17.6,-0.59,-11.6,16.6,1.1,-10.5,-10.5,2000-03-31,-10.5,0,15.6,22.5,12.6,28.200000000000003,
ABMD,1999,1999-03-31,6.8,17.2,-0.39,-7.9,15.3,1.2,-6.7,-6.7,1999-03-31,-6.7,0,13.5,22.1,9.8,23.2,
ABMD,1998,1998-03-31,6.5,16.1,-0.06,-2.2,15.9,1.2,-2.5,-1,1998-03-31,-1,0,9.1,22.4,9.1,18.1,
ABMD,1997,1997-03-31,5.4,14.3,0.05,0.2,11.1,0.5,0.7,0.7,1997-03-31,0.7,0,3.8,16.5,7.1,10.9,
ABMD,1996,1996-03-31,3.9,14,0.04,0,8.9,0.5,0.5,0.5,1996-03-31,0.5,0,3.2,12.8,5.7,9,
ABMD,1995,1995-03-31,3.3,13,-0.03,-0.8,5.9,0.4,-0.4,-0.4,1995-03-31,-0.4,0,2.5,9.2,4.3,6.7,
ABMD,1994,1994-03-31,2.2,12.9,-0.15,-2.5,4.5,,-2,-2,1994-03-31,-2,0,2.4,6.7,4.4,6.999999999999999,0.5
ABMD,1993,1993-03-31,2,12.9,-0.3,-4.5,1.4,,-3.9,-3.9,1993-03-31,-3.9,0,2.1,3.4,3.8,5.9,0.6
ABMD,1992,1992-03-31,2.6,12.8,-0.4,-6.3,0.1,,-5.1,-5.1,1992-03-31,-5.1,0,2.8,2.7,3.6,6.4,1.2
ABMD,1991,1991-03-31,1.5,12.3,-0.3,-8.4,0.5,,-6.6,-6.6,1991-03-31,-6.6,0,2.6,2,3.3,8.8,1.7
ABMD,1990,1990-03-31,1.2,10.8,-0.18,-3.4,1.8,,-1.9,-1.9,1990-03-31,-1.9,0,3.2,3,2,5.2,1.5
ABMD,1989,1989-03-31,1.3,9.4,-0.24,-3.2,1.6,,-2.2,-2.2,1989-03-31,-2.2,0,3.1,2.9,1.7,4.7,0.9
ABMD,1988,1988-03-31,0.4,8.5,-0.07,-1.3,3.8,,-0.6,-0.6,1988-03-31,-0.6,0,3.8,4.2,1.4,5.1,0.7
ABMD,1987,1987-03-31,0.1,7.3,0.01,-0.1,4.5,,0.1,0.1,1987-03-31,0.1,0,3.7,4.7,0.9,4.7,0.2
ABMD,1986,1986-03-31,0,7.2,-0.09,-0.9,3.9,,-0.7,-0.7,1986-03-31,-0.7,0,4,3.9,0.8,4.8,0.2
ACN,2020,2020-08-31,30350.881,647.797,7.8947,6513.644,13976.158,36.26,5107.839,5185.313,2020-08-31,6774.331,1589.018,,44327.039,7462.514,7462.513999999996,224.427
ACN,2019,2019-08-31,29900.325,650.20487,7.36046,6305.074,13314.688,-47.568,4779.112,4846.241,2019-08-31,6251.797,1405.556,,43215.013,7009.614,7009.613999999998,-5.709
ACN,2018,2018-08-31,28499.17,655.29615,6.6117,5898.779,12493.364,-77.278,4059.907,4392.245,2018-08-31,5808.093,1415.848,,40992.534,6594.585,6594.584999999999,-13.408
ACN,2017,2017-08-31,25105.349,660.46323,6.05018,4681.357,11071.492,89.143,3445.149,3634.932,2017-08-31,4616.032,981.1,,36176.841,5880.09,6390.135000000002,-154.468
ACN,2016,2016-08-31,24520.234,667.77027,5.46382,5659.268,10277.427,-70.067,4111.892,4349.603,2016-08-31,5603.572,1253.969,,34797.661,5466.982,4618.159,14.371
ACN,2015,2015-08-31,23105.185,678.75707,4.8328,4435.869,9809.239,19.413,3053.581,3273.789,2015-08-31,4410.53,1136.741,,32914.424,5308.988,5373.369999999999,-44.752
ACN,2014,2014-08-31,22190,692,4.5,4301,9684,13,2941,3176,2014-08-31,4298,1122,,31875,5402,5384,-16
ACN,2013,2013-08-31,21010,713,4.62,4339,9384,19,3282,3555,2013-08-31,4339,785,,30394,5318,5046,-18
ACN,2012,2012-08-31,20790,726,3.84,3872,8988,27,2554,2825,2012-08-31,3904,1079,,29778,5114,5116,6
ACN,2011,2011-08-31,18966,743,3.4,3470,8387,25,2278,2553,2011-08-31,3512,959,,27353,4915,4916,17
ACN,2010,2010-08-31,15843,766,2.67,2915,7251,15,1781,2060,2010-08-31,2914,854,,23094,4326,4336,-16
ACN,2009,2009-08-31,16330,787,2.67,2644,6841,37,1590,1938,2009-08-31,2678,740,,23171,3948,4197,-3
ACN,2008,2008-08-31,18128,824,2.66,3012,7186,98,1692,2197,2008-08-31,3108,911,,25314,4151,4174,-2
ACN,2007,2007-08-31,15411,863,1.99,2493,6041,148,1243,1723,2007-08-31,2619,896,,21453,3522,3549,-22
ACN,2006,2006-08-31,13234,894,1.55,1841,4994,110,973,1433,2006-08-31,1924,491,,18228,3201,3153,-28
ACN,2005,2005-08-31,12002,961,1.49,2111,5092,106,940,1509,2005-08-31,2206,697,,17094,3070,2981,-11
ACN,2004,2004-08-31,10497,1003,1.24,1759,4616,41,691,1223,2004-08-31,1799,576,,15114,2829,2858,-1
ACN,2003,2003-08-31,9087,997,1.04,1551,4310,62,498,1047,2003-08-31,1613,566,,13397,2778,2759,0
ACN,2002,2002-08-31,8428,1024,0.62,1385,4677,-323,245,576,2002-08-31,1068,491,,13105,3181,3292,5
ACN,2001,2001-08-31,8103,1008,1.41,696,5245,82,1057,292,2001-08-31,795,503,,13348,3700,4549,17
ACN,2000,2000-08-31,7274,991,2.49,2086,4266,570,2464,2464,2000-08-31,2707,243,,11540,2180,2180,51
ACN,1999,1999-08-31,6986,991,2.04,2032,4093,119,2023,2023,1999-08-31,2145,123,,11079,2062,2062,-5
ACN,1998,1998-08-31,6125,991,1.7,1783,3515,-18,1685,1685,1998-08-31,1759,74,,9640,1731,1732,-6
ACN,1997,1997-08-31,4642,991,1.25,1375,2805,-19,1242,1242,1997-08-31,1360,118,,7447,1430,1430,4
ACN,1996,1996-08-31,3446,991,0.95,1073,2264,-16,937,937,1996-08-31,1053,116,,5710,1191,1191,-4
ATVI,2019,2019-12-31,2094,771,2.09857,1607,4395,-15,1503,1503,2019-12-31,1633,130,998,6489,1658,2788,41
ATVI,2018,2018-12-31,2517,771,2.02075,1948,4983,-81,1848,1508,2018-12-31,1877,369,1101,7500,1884,3035,10
ATVI,2017,2017-12-31,2501,766,1.15144,1297,4516,-162,273,909,2017-12-31,1151,242,1069,7017,2138,3219,16
ATVI,2016,2016-12-31,2394,754,1.38243,1320,4214,-217,966,966,2016-12-31,1106,140,958,6608,1844,2894,3
ATVI,2015,2015-12-31,1585,739,1.19215,1319,3079,-199,892,892,2015-12-31,1121,229,646,4664,1114,1760,1
ATVI,2014,2014-12-31,1525,726,1.17,1183,2883,-202,835,865,2014-12-31,981,116,571,4408,1129,1700,
ATVI,2013,2013-12-31,1531,1035,0.96,1372,3052,-53,1010,1021,2013-12-31,1319,298,584,4583,1096,1680,
ATVI,2012,2012-12-31,1662,1118,1.01,1451,3194,7,1149,1149,2012-12-31,1458,309,604,4856,1139,1743,
ATVI,2011,2011-12-31,1755,1156,0.95,1328,3000,3,1085,1085,2011-12-31,1331,246,646,4755,988,1672,
ATVI,2010,2010-12-31,2126,1236,0.56,469,2321,23,418,418,2010-12-31,492,74,642,4447,881,1852,
ATVI,2009,2009-12-31,2307,1311,0.3,-26,1972,18,113,113,2009-12-31,-8,-121,627,4279,939,1998,
ATVI,2008,2008-12-31,1839,946,-0.05,-233,1187,46,-107,-107,2008-12-31,-187,-80,592,3026,735,1420,
ATVI,2007,2007-12-31,382,590.6,0.38,179.6,955.9,4.2,227,227,2007-12-31,174.5,-52.5,384.8,1337.9,330.3,787.0999999999999,-9.3
ATVI,2006,2007-03-31,978.1,610.7,0.14,73.1,534.9,36.7,85.8,85.8,2007-03-31,109.8,24,133.1,1513,328.7,461.80000000000007,
ATVI,2005,2006-03-31,940.4,588,0.07,15.2,527.6,30.6,40.3,40.3,2006-03-31,45.9,5.6,132.7,1468,379.8,512.4,
ATVI,2004,2005-03-31,844.9,557.7,0.25,184.6,560.9,13.1,138.3,138.3,2005-03-31,197.7,59.3,86.5,1405.9,289.8,376.4,
ATVI,2003,2004-03-31,567.1,515.2,0.15,109.8,380.5,6.2,77.7,77.7,2004-03-31,116,38.3,97.9,947.7,172.8,270.69999999999993,
ATVI,2002,2003-03-31,565.2,552.8,0.12,94.8,298.9,8.6,66.2,66.2,2003-03-31,103.4,37.2,57,864.1,147.1,204.0999999999999,
ATVI,2001,2002-03-31,534.7,475.6,0.11,80.6,251.7,2.5,52.2,52.2,2002-03-31,83.1,30.9,41,786.4,130.2,171.19999999999993,
ATVI,2000,2001-03-31,414.6,328.8,0.06,39.8,205.6,-7.3,20.5,20.5,2001-03-31,32.5,12,41.4,620.2,122.9,165.79999999999995,
ATVI,1999,2000-03-31,410.7,296.3,-0.12,-30.3,161.5,-8.4,-34.1,-34.1,2000-03-31,-38.7,-4.6,26.3,572.2,124,191.8,
ATVI,1998,1999-03-31,297.9,278.8,0.06,27.2,138.6,-3,15.3,15.3,1999-03-31,24.2,9,21.4,436.5,87.8,111.30000000000001,
ATVI,1997,1998-03-31,163.1,231.7,0.03,10.1,96.8,-0.7,5.8,5.8,1998-03-31,9.4,3.6,28.4,259.9,55.2,86.70000000000002,
ATVI,1996,1997-03-31,29.8,216.6,0.03,9.8,56.7,0.9,7.1,7.1,1997-03-31,10.7,3.6,18.2,86.5,27.4,46.900000000000006,
ATVI,1995,1996-03-31,21.7,195.3,0.03,2.5,39.6,1.7,5.5,5.5,1996-03-31,4.2,-1.3,17.5,61.4,18.3,37.2,
ATVI,1994,1995-03-31,21.3,183.2,-0.01,-3,19.4,1.6,-1.5,-1.5,1995-03-31,-1.4,0.2,7.3,40.7,13.8,22.3,
ATVI,1993,1994-03-31,15.3,81,-0.07,-2,11.3,0.2,-2,-2,1994-03-31,-1.9,0.1,4.4,26.6,7.7,13.3,0
ATVI,1992,1993-03-31,11.5,40.9,-0.08,-0.2,9.5,0,-1.4,-0.3,1993-03-31,-0.2,0.1,2.6,21.1,5.9,9.8,0
ATVI,1991,1992-03-31,4.6,1.6,-0.68,-1,4.6,-0.5,-1.7,-1.7,1992-03-31,-1.5,0.2,2.9,9.2,1.8,5.6,0
ATVI,1990,1991-03-31,22.5,1.7,-12.38,-25.5,6.2,-1.2,-26.8,-26.8,1991-03-31,-26.6,0.2,5.1,28.8,16.4,31.700000000000003,0
ATVI,1989,1990-03-31,38.2,1.7,-7.81,-15.4,25.8,-0.2,-19.7,-19.7,1990-03-31,-19.4,0.3,6.8,64.1,22.4,41.3,-3.9
ATVI,1988,1989-03-31,34.7,1.6,0.68,1.4,25.9,0.1,1.1,1.1,1989-03-31,1.5,0.4,4.7,60.6,18.1,24.5,0
ATVI,1987,1988-03-31,22.1,1.5,2.43,3.3,23.2,0.5,3.6,3.6,1988-03-31,3.8,0.2,3.6,45.3,15.1,19.799999999999997,0
ADBE,2019,2019-11-29,1672.72,491.572,6.33064,3268.121,9498.577,-83.73,2951.458,2954.413,2019-11-29,3204.741,250.328,1930.228,11171.297,3954.084,6230.456,20.35
ADBE,2018,2018-11-30,1194.999,497.843,5.57761,2840.369,7835.009,-86.401,2590.774,2776.774,2018-11-30,2793.876,17.102,1537.812,9030.008,3365.727,4994.64,39.908
ADBE,2017,2017-12-01,1010.491,501.123,3.38032,2168.095,6291.014,-54.194,1693.954,1693.954,2017-12-01,2137.641,443.687,1224.059,7301.505,2822.298,4122.919,23.74
ADBE,2016,2016-12-02,819.908,504.299,2.3152,1493.602,5034.522,-96.522,1168.782,1168.782,2016-12-02,1435.138,266.356,975.987,5854.43,2487.907,3540.9200000000005,38.058
ADBE,2015,2015-11-27,744.317,507.164,1.24353,903.095,4051.194,-51.639,629.551,629.551,2015-11-27,873.781,244.23,862.73,4795.511,2215.161,3148.099,22.325
ADBE,2014,2014-11-28,622,508,0.56,413,3525,-52,268,268,2014-11-28,361,93,844,4147,2196,3112,1
ADBE,2013,2013-11-29,587,513,0.61,423,3469,-68,290,290,2013-11-29,356,66,827,4055,2141,3046,1
ADBE,2012,2012-11-30,484,503,1.65,1180,3920,-61,833,833,2012-11-30,1119,286,743,4404,1951,2739,
ADBE,2011,2011-12-02,438,504,1.81,1099,3778,-64,833,833,2011-12-02,1035,202,738,4216,1800,2679,
ADBE,2010,2010-12-03,404,526,1.51,993,3396,-50,775,775,2010-12-03,943,168,680,3800,1628,2403,
ADBE,2009,2009-11-27,297,531,0.77,691,2649,11,387,387,2009-11-27,702,315,565,2946,1281,1958,
ADBE,2008,2008-11-28,363,549,1.64,1028,3217,50,872,872,2008-11-28,1079,207,662,3580,1427,2189,
ADBE,2007,2007-11-30,355,599,1.21,858,2803,90,724,724,2007-11-30,947,223,613,3158,1259,1945,
ADBE,2006,2006-12-01,292,612,0.85,551,2283,128,506,506,2006-12-01,680,174,540,2575,1102,1732,
ADBE,2005,2005-12-02,113,508,1.19,728,1854,37,603,603,2005-12-02,766,163,365,1966,760,1125,
ADBE,2004,2004-12-03,104,496,0.91,592,1562,17,450,450,2004-12-03,609,158,311,1667,659,971,
ADBE,2003,2003-11-28,93,483,0.55,379,1202,1,266,266,2003-11-28,380,114,277,1295,546,822,
ADBE,2002,2002-11-29,104,486,0.41,287,1061,-2,191,191,2002-11-29,285,93,246,1165,489,774,
ADBE,2001,2001-11-30,81,498,0.43,378,1148,-72,206,206,2001-11-30,307,101,224,1230,519,770,
ADBE,2000,2000-12-01,87,512,0.57,408,1179,36,288,288,2000-12-01,444,156,240,1266,518,771,
ADBE,1999,1999-12-03,95,517,0.51,260,921,115,238,238,1999-12-03,374,137,197,1015,432,661,
ADBE,1998,1998-11-27,111,544,0.24,125,783,42,105,105,1998-11-27,168,63,207,895,412,658,
ADBE,1997,1997-11-28,126,593,0.32,231,786,65,187,187,1997-11-28,296,109,171,912,379,555,
ADBE,1996,1996-11-29,141,601,0.3,147,645,98,153,153,1996-11-29,245,92,153,787,317,499,
ADBE,1995,1995-12-01,130,594,0.21,135,632,29,93,93,1995-12-01,164,70,139,762,301,498,
ADBE,1994,1994-11-25,112,49,1.39,31,486,9,6,6,1994-11-25,40,34,99,598,255,455,
ADBE,1993,1993-11-26,55,481,0.12,81,258,10,57,57,1993-11-26,91,34,65,313,112,177,
ADBE,1992,1992-11-27,48,373,0.13,68,217,1,44,44,1992-11-27,70,26,50,266,93,150,
ADBE,1991,1991-11-29,44,367,0.14,78,186,6,52,52,1991-11-29,84,32,33,230,75,108,
ADBE,1990,1990-11-30,30,351,0.11,62,138,4,40,40,1990-11-30,66,26,20,169,56,77,
ADBE,1989,1989-11-30,19,347,0.1,52,102,3,34,34,1989-11-30,55,21,13,121,37,51,
ADBE,1988,1988-11-30,15,344,0.06,34,69,2,21,21,1988-11-30,36,15,7,83,27,34,
ADBE,1987,1987-11-30,6,337,0.03,16,34,1,9,9,1987-11-30,17,8,4,39,13,17,
ADBE,1986,1986-11-30,2,303,0.01,7,14,0,4,4,1986-11-30,7,4,3,16,5,7,
ADBE,1985,1985-11-30,0,290,0,1,4,0,0,0,1985-11-30,1,0,2,5,2,4,
ADBE,1984,1984-11-30,0,173,0,0,2,0,0,0,1984-11-30,0,0,1,2,1,2,
AAP,2019,2019-12-28,5450.912,71.165,7.6711,677.18,4258.091,-41.598,486.896,486.896,2019-12-28,637.746,150.85,,9709.003,3503.608,3580.911,2.164
AAP,2018,2018-12-29,5354.441,73.991,6.17614,604.275,4226.113,-61.588,423.847,418.192,2018-12-29,555.264,137.072,,9580.554,3570.338,3621.8380000000006,12.577
AAP,2017,2017-12-30,5288.735,74.11,4.47585,570.212,4085.049,-62.801,475.505,331.705,2017-12-30,520.259,188.554,,9373.784,3514.837,3514.8370000000004,12.848
AAP,2016,2016-12-31,5311.764,73.856,6.19688,787.598,4255.915,-59.91,459.622,459.622,2016-12-31,738.835,279.213,,9567.679,3468.317,3468.317,11.147
AAP,2015,2016-01-02,5314.246,73.733,6.39802,825.78,4422.772,-65.408,473.398,473.398,2016-01-02,752.888,279.49,,9737.018,3596.992,3596.9919999999993,-7.484
AAP,2014,2015-01-03,5390.248,73.414,6.7054,851.71,4453.613,-73.408,493.825,493.825,2015-01-03,781.394,287.569,,9843.861,3601.903,3601.9030000000002,3.092
AAP,2013,2013-12-28,3241.7,73.4,5.32,660.3,3252.1,-36.6,391.8,391.8,2013-12-28,626.4,234.6,,6493.8,2591.8,2591.8,2.7
AAP,2012,2012-12-29,3107,74.1,5.22,657.3,3098,-33.8,387.7,387.7,2012-12-29,624.1,236.4,,6205,2440.7,2440.7,0.6
AAP,2011,2011-12-31,3101.2,77.1,5.15,664.6,3069.3,-30.9,394.7,394.7,2011-12-31,633.2,238.6,,6170.5,2403.6,2404.6000000000004,-0.5
AAP,2010,2011-01-01,2963.9,87.2,3.98,584.9,2961.3,-26.9,346.1,346.1,2011-01-01,557.1,211,,5925.2,2376.1,2376.4,-1
AAP,2009,2010-01-02,2768.4,95.1,3.04,454.4,2644.2,-23.3,270.4,270.4,2010-01-02,431.7,161.3,,5412.6,2184.9,2189.7999999999997,0.6
AAP,2008,2009-01-03,2679.2,95.3,2.5,414.9,2463.1,-33.7,238,238,2009-01-03,380.7,142.7,,5142.3,2048.1,2048.1000000000004,-0.5
AAP,2007,2007-12-29,2523.4,104.7,2.28,416.4,2321,-34.8,238.3,238.3,2007-12-29,382.6,144.3,,4844.4,1904.5,1904.6,1
AAP,2006,2006-12-30,2415.3,107.1,2.15,404.3,2201.2,-36,231.3,231.3,2006-12-30,369.9,138.6,,4616.5,1797.8,1796.8999999999996,1.6
AAP,2005,2005-12-31,2250.5,110,2.13,408.5,2014.5,-32.4,234.7,234.7,2005-12-31,378.9,144.2,,4265,1606,1606,2.8
AAP,2004,2005-01-01,2016.9,113.2,1.68,325.5,1753.4,-20.1,188,188,2005-01-01,305.7,117.7,,3770.3,1424.6,1427.9,0.3
AAP,2003,2004-01-03,1889.2,112.1,1.43,240.9,1604.5,-37.6,124.9,125.3,2004-01-03,203.7,78.4,,3493.7,1305.9,1363.6000000000001,0.3
AAP,2002,2002-12-28,1839.9,108.6,0.89,202,1448,-78.2,65,75.4,2002-12-28,123.2,47.8,,3287.9,1210.5,1246,-0.6
AAP,2001,2001-12-29,1441.6,87.5,0.38,89.1,1076,-61.9,11.4,17.2,2001-12-29,28.5,11.3,,2517.6,959.3,986.9000000000001,1.3
AAP,2000,2000-12-30,1392.1,98.7,0.17,92.8,895.9,-66.6,19.6,16.6,2000-12-30,27.2,10.5,,2288,803.1,803.0999999999999,1
AAP,1999,2000-01-01,1404.1,97.8,-0.26,20.2,802.8,-62.8,-25.3,-25.3,2000-01-01,-37.9,-12.6,,2206.9,782.6,782.5999999999999,4.6
AAP,1998,1999-01-02,766.2,97.8,0.12,31.8,454.6,-35,-2.2,-2.2,1999-01-02,-2.3,-0.1,,1220.8,401.7,422.70000000000005,0.9
AAP,1997,1998-01-03,524.6,98.7,0.22,42.4,323.5,-6.1,21.3,21.3,1998-01-03,36,14.7,,848.1,281.1,281.1,-0.3
AAP,1996,1997-01-04,437.6,98.7,0.22,40.1,268.4,-4.9,21.3,21.3,1997-01-04,35.4,14.2,,706,228.2,228.19999999999993,0.2
AMD,2019,2019-12-28,3863,1120,0.39363,455,2868,-80,341,328,2019-12-28,372,44,1547,6731,750,2413,-3
AMD,2018,2018-12-29,4028,1064,0.33628,439,2447,-106,337,352,2018-12-29,330,-22,1434,6475,562,2008,-3
AMD,2017,2017-12-30,3466,952,-1.24895,115,1787,-123,-33,-1156,2017-12-30,-8,1148,1196,5253,516,1672,0
AMD,2016,2016-12-31,3274,835,-0.61856,-440,998,-153,-497,-487,2016-12-31,-448,39,1008,4272,460,1438,145
AMD,2015,2015-12-26,2911,783,-0.73582,-481,1080,-163,-660,-660,2015-12-26,-646,14,937,3991,475,1561,-2
AMD,2014,2014-12-27,3667,768,-0.22,-216,1839,-177,-403,-403,2014-12-27,-398,5,1075,5506,607,2055,-5
AMD,2013,2013-12-28,3321,754,-0.12,102,1978,-174,-83,-83,2013-12-28,-74,9,1199,5299,674,1876,-2
AMD,2012,2012-12-29,4187,741,-1.51,-1060,1235,-167,-1183,-1183,2012-12-29,-1217,-34,1354,5422,823,2295,10
AMD,2011,2011-12-31,3628,742,0.95,153,2940,-170,491,3,2011-12-31,-1,-4,1453,6568,992,2787,16
AMD,2010,2010-12-25,3533,733,-0.13,824,2961,-188,471,933,2010-12-25,971,38,1405,6494,934,2137,10
AMD,2009,2009-12-26,3131,678,-0.87,838,2272,-458,376,296,2009-12-26,408,112,1721,5403,994,1434,0
AMD,2008,2008-12-27,3488,607,-2.92,-1955,2320,-413,-3098,-2414,2008-12-27,-2346,68,1848,5808,1304,4275,22
AMD,2007,2007-12-29,3751,558,-1.32,-2865,2262,-449,-3379,-3344,2007-12-29,-3321,23,1847,6013,1373,5127,-26
AMD,2006,2006-12-31,2856,492,0.51,-47,2793,-55,-166,-138,2006-12-31,-115,23,1205,5649,1140,2840,-13
AMD,2005,2005-12-25,3455.8,440.8,0.38,231.7,2391.8,-211.5,165.5,40.3,2005-12-25,33.7,-6.6,1144,5847.6,1016.1,2160.0999999999995,13.6
AMD,2004,2004-12-26,3032.6,371.1,0.37,221.8,1968.9,-92.8,91.2,72.5,2004-12-26,78.3,5.8,934.6,5001.4,807,1747.0000000000005,-4.7
AMD,2003,2003-12-28,2327.1,346.9,-0.82,-233.4,1192.1,-82.9,-274.5,-325.2,2003-12-28,-322.2,2.9,852.1,3519.2,587.3,1425.5,-6
AMD,2002,2002-12-29,2105.7,342.3,-3.18,-1225.4,591.4,-40.7,-1303,-1309.2,2002-12-29,-1264.6,44.6,816.1,2697,670.1,1816.7000000000003,1.4
AMD,2001,2001-12-30,2589.7,332.4,-0.01,-58.3,1302,-31.9,-60.6,-79.5,2001-12-30,-93.9,-14.5,650.9,3891.8,620,1360.3000000000002,-3.7
AMD,2000,2000-12-31,2514.6,350,2.19,888.7,2129.6,-0.8,983,995,2000-12-31,1251.9,256.9,641.8,4644.2,599,1240.9,27.1
AMD,1999,1999-12-26,1964.4,294.6,-1.17,-320.9,893.2,-42.8,-88.9,-93.7,1999-12-26,73.6,167.4,635.8,2857.6,540.1,1214.1,5.3
AMD,1998,1998-12-27,1718.7,287.8,-0.34,-175.1,823.4,-35,-104,-115.6,1998-12-27,-207.4,-91.9,567.4,2542.1,419.7,998.6000000000001,2.7
AMD,1997,1997-12-28,1578.4,280.9,-0.08,-90.7,777.9,-16.3,-21.1,-45.7,1997-12-28,-100.8,-55.2,467.9,2356.4,400.7,868.5999999999999,6.1
AMD,1996,1996-12-29,1440.8,270.3,-0.26,-253.3,512.2,4.7,-69,-123.7,1996-12-29,-208.8,-85,400.7,1953,364.8,765.5000000000002,39.8
AMD,1995,1995-12-31,1298.9,214.1,1.4,348.3,1130.8,27.1,300.5,265.6,1995-12-31,378.3,112.7,397.6,2429.7,385,782.5,2.9
AMD,1994,1994-12-25,982.3,209.1,1.65,455.1,1152.4,-1.8,305.3,315.9,1994-12-25,469.6,153.7,280,2134.7,359.2,697.2,16.3
AMD,1993,1993-12-26,789.6,204.1,1.12,305.1,858.7,-3.8,228.8,228.8,1993-12-26,317.8,89,262.8,1648.3,290.9,553.6,16.5
AMD,1992,1992-12-27,746.5,197,1.24,269.9,768,,245,245,1992-12-27,271.6,26.6,227.9,1514.5,270.2,498,1.7
AMD,1991,1991-12-29,658.8,191.1,0.76,109.2,567.8,,145.3,145.3,1991-12-29,145.3,0,213.8,1226.6,244.9,458.70000000000005,36.1
AMD,1990,1990-12-30,678.5,163.8,-0.39,-51.1,380.7,,-53.6,-53.6,1990-12-30,-53.6,0,203.7,1059.2,228.2,431.9000000000001,-2.4
AMD,1989,1989-12-31,643.4,164.4,0.22,38.4,461.2,,46.1,46.1,1989-12-31,49.9,3.8,201.8,1104.6,221,422.80000000000007,11.4
AMD,1988,1988-12-30,661.9,161.7,0.16,14.2,464,,19.3,19.3,1988-12-30,19.3,0,208.3,1125.9,224.2,449.80000000000007,5.1
AMD,1987,1987-12-27,562.3,155.5,-0.29,-57.3,434.7,,-64,-64,1987-12-27,-45.6,18.4,247.8,997.1,203.2,492.10000000000014,11.7
AMD,1986,1986-12-28,497.2,151.4,-0.54,-94.3,331.4,,-95.2,-95.2,1986-12-28,-103.1,-7.9,223.2,828.6,182.5,425.7,-8.8
AMD,1985,1985-12-29,368.2,149.7,-0.13,-62.1,226.2,,-19.8,-19.8,1985-12-29,-60.9,-41.1,161,594.4,127.3,288.3,1.3
AMD,1984,1985-03-31,428.2,116.4,1.16,179.8,502.9,2,135.4,135.4,1985-03-31,181.8,46.5,164.2,931.1,158.9,323.09999999999997,
AMD,1983,1984-03-25,276.5,115.3,0.62,97.3,306.8,-0.9,71.1,71.1,1984-03-25,96.4,25.3,101.3,583.3,108.2,209.60000000000002,
AMD,1982,1983-03-27,195,107.4,0.2,17.8,163.3,-1.8,21,21,1983-03-27,16,-5,69.5,358.3,76,145.5,
AES,2019,2019-12-31,7840,667,0.73855,1892,2349,-799,303,649,2019-12-31,1001,352,,10189,196,457,-92
AES,2018,2018-12-31,8163,665,1.9301,2983,2573,-818,1203,1348,2018-12-31,2018,670,,10736,192,-410,-147
AES,2017,2017-12-31,8066,660,-0.12705,1655,2464,-884,-1161,-180,2017-12-31,771,951,,10530,215,809,
AES,2016,2016-12-31,7901,660,1.38004,1091,2380,-904,-1130,155,2016-12-31,187,32,,10281,194,1289,0
AES,2015,2015-12-31,8597,689,1.10254,1772,2663,-783,306,577,2015-12-31,989,412,,11260,196,891,
AES,2014,2014-12-31,13144,724,1.46423,1571,2980,0,769,1072,2014-12-31,1443,371,,16124,187,1409,0
AES,2013,2013-12-31,12644,748,0.98,1177,3247,,114,705,2013-12-31,1048,343,,15891,220,2070,-129
AES,2012,2012-12-31,14427,755,0.46,1755,3714,-1390,-912,-394,2012-12-31,314,708,,18141,301,1959,-51
AES,2011,2011-12-31,13140,783,0.84,2261,4134,,58,1543,2011-12-31,2179,636,,17274,391,1873,-82
AES,2010,2010-12-31,12683,769,1.14,1051,3964,,9,737,2010-12-31,1044,307,,16647,392,2913,-7
AES,2009,2009-12-31,10624,670,0.97,2355,3495,,658,1744,2009-12-31,2343,599,,14119,345,1140,-12
AES,2008,2008-12-31,12363,689,1.82,2766,3707,,1234,1977,2008-12-31,2751,774,,16070,371,941,-15
AES,2007,2007-12-31,10179,678,0.68,1671,3409,,-95,929,2007-12-31,1614,685,,13588,379,1738,-57
AES,2006,2006-12-31,8166,672,1.05,928,3398,,204,594,2006-12-31,928,334,,11564,305,2470,-8
AES,2005,2005-12-31,7908,665,0.95,1458,3178,,630,993,2005-12-31,1458,465,,11086,221,1720,-19
AES,2004,2004-12-31,6681,648,0.4,831,2782,,292,456,2004-12-31,831,375,,9463,182,1951,-12
AES,2003,2003-12-31,5982,598,0.81,640,2433,,-403,446,2003-12-31,640,194,,8415,157,1793,-61
AES,2002,2002-12-31,6713,539,-2.88,-2651,1919,,-3509,-2624,2002-12-31,-2651,-27,,8632,112,4570,-132
AES,2001,2001-12-31,7025,544,1.15,802,2302,,273,572,2001-12-31,802,230,,9327,120,1500,-23
AES,2000,2000-12-31,4991,473,1.44,1019,1700,,641,767,2000-12-31,1019,252,,6691,85,681,
AES,1999,1999-12-31,2249,392,0.64,420,1004,,228,309,1999-12-31,420,111,,3253,71,584,
AES,1998,1998-12-31,1587,378,0.88,546,811,,311,401,1998-12-31,546,145,,2398,56,265,
AES,1997,1997-12-31,981,356,0.59,263,430,,185,207,1997-12-31,263,56,,1411,45,167,
AES,1996,1996-12-31,502,314,0.44,193,333,,125,133,1996-12-31,193,60,,835,35,140,
AES,1995,1995-12-31,405,311,0.35,167,280,,107,110,1995-12-31,167,57,,685,32,113,
AES,1994,1994-12-31,269,311,0.32,145,264,,100,101,1994-12-31,145,44,,533,32,119,
AES,1993,1993-12-31,269,300,0.31,89,250,,71,71,1993-12-31,89,18,,519,35,160,
AES,1992,1992-12-31,230,286,0.2,66,171,,56,57,1992-12-31,66,9,,401,18,105,
AES,1991,1991-12-31,192,259,0.16,51,142,,43,44,1991-12-31,51,8,,334,10,90,
AES,1990,1990-12-31,124,243,0.06,19,66,,16,16,1990-12-31,19,3,,190,5,47,
AES,1989,1989-12-31,71,241,0.02,5,28,,4,5,1989-12-31,5,1,,99,3,23,
AFL,2019,2019-12-31,,746.43,4.45727,4673,,-228,3304,3304,2019-12-31,4445,1141,,,273,17665,
AFL,2018,2018-12-31,,774.65,3.86981,4205,,-222,2920,2938,2018-12-31,3983,1045,,,291,17634,
AFL,2017,2017-12-31,,797.86,3.37853,4258,,-240,4604,2671,2017-12-31,4018,1347,,,285,17446,
AFL,2016,2016-12-31,,827.842,3.27752,4335,,-268,2659,2659,2016-12-31,4067,1408,,,299,18307,
AFL,2015,2015-12-31,,866.344,3.03961,4151,,-289,2533,2533,2015-12-31,3862,1329,,,276,16874,
AFL,2014,2014-12-31,,908,3.27,4808,,-317,2951,2951,2014-12-31,4491,1540,,,297,17951,
AFL,2013,2013-12-31,,935,3.52,5109,,-293,3158,3158,2013-12-31,4816,1658,,,306,19029,
AFL,2012,2012-12-31,,939,3.75,4563,,-261,2866,2866,2012-12-31,4302,1436,,,,21778,
AFL,2011,2011-12-31,,939,3.42,3188,,-196,1964,1964,2011-12-31,2992,1028,,,,20884,
AFL,2010,2010-12-31,,946,2.79,3734,,-149,2344,2344,2010-12-31,3585,1241,,,,17457,
AFL,2009,2009-12-31,,938,2.58,2307,,-72,1497,1497,2009-12-31,2235,738,,,,17308,
AFL,2008,2008-12-31,,958,1.31,1943,,-29,1254,1254,2008-12-31,1914,660,,,,14611,
AFL,2007,2007-12-31,,988,1.65,2526,,-27,1634,1634,2007-12-31,2499,865,,,,12867,
AFL,2006,2006-12-31,,1004,1.48,2283,,-19,1483,1483,2006-12-31,2264,781,,,,12333,
AFL,2005,2005-12-31,,1015,1.46,2249,,-23,1483,1483,2005-12-31,2226,743,,,,12114,
AFL,2004,2004-12-31,,1033,1.26,1830,,-23,1299,1299,2004-12-31,1807,508,,,,11451,
AFL,2003,2003-12-31,,1044,0.76,1247,,-22,795,795,2003-12-31,1225,430,,,,10200,
AFL,2002,2002-12-31,,1057,0.78,1279,,-20,821,821,2002-12-31,1259,438,,,,8978,
AFL,2001,2001-12-31,,1075,0.64,1100,,-19,687,687,2001-12-31,1081,394,,,,8498,
AFL,2000,2000-12-31,,1090,0.57,1031,,-19,687,687,2000-12-31,1012,325,,,,8689,
AFL,1999,1999-12-31,,1102,0.52,796,,-18,571,571,1999-12-31,778,207,,,,7844,
AFL,1998,1998-12-31,,1103,0.44,564,,-13,487,487,1998-12-31,551,64,,,,6540,
AFL,1997,1997-12-31,,1126,0.52,879,,-14,585,585,1997-12-31,865,280,,,,6372,
AFL,1996,1996-12-31,,1156,0.34,666,,-16,394,394,1996-12-31,650,256,,,,6434,
AFL,1995,1995-12-31,,1196,0.29,617,,-16,349,349,1995-12-31,601,252,,,,6574,
AFL,1994,1994-12-31,,1237,0.24,515,,-11,293,293,1994-12-31,504,212,,,,5595,
AFL,1993,1993-12-31,,1263,0.19,439,,-11,255,244,1993-12-31,428,184,,,,4562,
AFL,1992,1992-12-31,,1258,0.15,335,,-10,183,183,1992-12-31,325,141,,,,3651,
AFL,1991,1991-12-31,,1251,0.12,279,,-14,149,149,1991-12-31,265,116,,,,3004,
AFL,1990,1990-12-31,,1233,0.1,232,,-15,117,117,1990-12-31,216,99,,,,2447,
AFL,1989,1989-12-31,,1228,0.08,197,,-19,81,81,1989-12-31,178,97,,,,2241,
AFL,1988,1988-12-31,,1222,0.09,213,,-11,109,109,1988-12-31,202,93,,,,2115,
AFL,1987,1987-12-31,,1219,0.08,185,,-5,102,102,1987-12-31,180,78,,,,1708,
AFL,1986,1986-12-31,,1202,0.08,137,,-5,78,78,1986-12-31,131,53,,,,1258,
AFL,1985,1985-12-31,,1196,0.05,99,,-4,54,54,1985-12-31,94,40,,,,856,
AFL,1984,1984-12-31,,1181,0.05,86,,-3,54,54,1984-12-31,83,29,,,,738,
AFL,1983,1983-12-31,,1083,0.03,63,,-3,31,31,1983-12-31,60,29,,,,641,
A,2019,2019-10-31,2350,318,3.61116,932,2813,-36,1071,1071,2019-10-31,919,-152,404,5163,1456,1881,23
A,2018,2018-10-31,2230,325,2.88251,919,2684,-39,316,868,2018-10-31,946,78,387,4914,1389,1765,66
A,2017,2017-10-31,2074,326,2.2079,807,2398,-52,684,684,2017-10-31,803,119,341,4472,1251,1591,48
A,2016,2016-10-31,2002,329,1.68997,615,2200,-70,462,462,2016-10-31,544,82,329,4202,1253,1585,-1
A,2015,2015-10-31,2015,335,1.59403,522,2023,-89,401,438,2015-10-31,480,42,326,4038,1185,1501,47
A,2014,2014-10-31,3388,338,2.24,831,3593,-129,504,504,2014-10-31,646,142,715,6981,2028,2762,-56
A,2013,2013-10-31,3247,345,2.26,951,3535,-101,724,724,2013-10-31,859,135,695,6782,1855,2584,9
A,2012,2012-10-31,3254,353,2.73,1119,3604,-92,1153,1153,2012-10-31,1043,-110,668,6858,1817,2485,16
A,2011,2011-10-31,3086,355,2.66,1071,3529,-72,1012,1012,2011-10-31,1032,20,649,6615,1807,2458,33
A,2010,2010-10-31,2514,353,1.71,566,2930,-76,684,684,2010-10-31,692,8,609,5444,1699,2364,70
A,2009,2009-10-31,2189,346,1.54,47,2292,-59,-31,-31,2009-10-31,7,38,607,4481,1448,2245,19
A,2008,2008-10-31,2578,371,1.86,795,3196,-10,693,693,2008-10-31,815,122,704,5774,1701,2401,30
A,2007,2007-10-31,2451,406,1.59,584,2969,81,638,638,2007-10-31,670,32,684,5420,1695,2385,5
A,2006,2006-10-31,2315,441,3.3,464,2658,123,3307,536,2006-10-31,627,91,634,4973,1537,2194,40
A,2005,2005-10-31,2617,500,0.28,181,2522,45,327,99,2005-10-31,254,155,738,5139,1603,2341,28
A,2004,2004-10-31,4058,490,0.89,386,3123,-9,349,349,2004-10-31,440,91,917,7181,1713,2737,63
A,2003,2003-10-31,3762,473,-3.43,-725,2294,-10,-2058,-1790,2003-10-31,-690,1100,985,6056,1773,3019,45
A,2002,2002-10-31,3694,465,-1.14,-1607,2316,,-1032,-1022,2002-10-31,-1547,-525,1113,6010,2546,3923,60
A,2001,2001-10-31,5166,458,-0.89,-778,3230,,174,-406,2001-10-31,-477,-71,1349,8396,2659,4008,301
A,2000,2000-10-31,5522,455,1.66,1053,5251,,757,757,2000-10-31,1164,407,1258,10773,2940,4198,111
A,1999,1999-10-31,4388,380,1.35,741,3943,,512,512,1999-10-31,787,275,997,8331,2205,3202,46
A,1998,1998-10-31,4512,380,0.68,442,3440,,257,257,1998-10-31,396,139,948,7952,2050,2998,-46
A,1997,1997-10-31,4126,380,1.43,870,3659,,543,543,1997-10-31,823,280,880,7785,1909,2789,-47
A,1996,1996-10-31,3901,380,1.43,875,3478,,542,542,1996-10-31,854,312,805,7379,1798,2603,-21
A,1995,1995-10-31,3335,380,1.31,841,3260,,499,499,1995-10-31,779,280,765,6595,1654,2419,-62
A,1994,1994-10-31,2860,380,0.74,521,2686,,282,282,1994-10-31,434,152,692,5546,1473,2165,-87
APD,2019,2019-09-30,5975.5,221.6,8.07932,2144.4,2943.4,78.4,1760,1797,2019-09-30,2289.5,492.5,72.9,8918.9,750,799,66.7
APD,2018,2018-09-30,6189.5,220.8,7.82638,1917.1,2740.7,90.6,1497.8,1727.5,2018-09-30,2015,287.5,64.5,8930.2,760.8,823.6000000000004,7.3
APD,2017,2017-09-30,5751.5,219.8,6.64195,1429.5,2436.1,-10.7,3000.4,1155.2,2017-09-30,1416.1,260.9,57.6,8187.6,713.5,1006.6000000000004,-2.7
APD,2016,2016-09-30,5176.6,218.3,5.45305,1522.8,2327.1,31.8,631.1,1122,2016-09-30,1554.6,432.6,71.6,7503.7,685,804.2999999999993,0
APD,2015,2015-09-30,5598.2,217.3,4.9522,1216.6,2226.1,49.5,1277.9,965.9,2015-09-30,1266.1,300.2,76.4,7824.3,773,1009.5,0
APD,2014,2014-09-30,7635,215,6.7,1328,2804,26,992,989,2014-09-30,1355,366,141,10439,1059,1476,-47
APD,2013,2013-09-30,7472,212,6.18,1324,2708,26,994,1043,2013-09-30,1350,308,134,10180,1066,1384,-47
APD,2012,2012-09-30,7052,215,6.04,1282,2560,30,1167,1025,2012-09-30,1313,287,126,9612,947,1277,-36
APD,2011,2011-09-30,7315,218,5.67,1622,2767,39,1224,1253,2011-09-30,1661,408,119,10082,1014,1145,-33
APD,2010,2010-09-30,6503,217,4.96,1389,2523,5,1029,1055,2010-09-30,1394,340,115,9026,957,1134,-22
APD,2009,2009-09-30,6042,214,4.23,846,2214,-10,631,651,2009-09-30,837,185,116,8256,943,1368,-35
APD,2008,2008-09-30,7693,219,5.1,1496,2721,-17,910,1114,2008-09-30,1479,365,131,10415,1090,1226,-31
APD,2007,2007-09-30,7362,223,4.54,1408,2676,-31,1036,1075,2007-09-30,1376,301,140,10038,1181,1268,-29
APD,2006,2006-09-30,6558,228,3.28,1061,2292,-12,723,778,2006-09-30,1049,271,151,8850,1081,1232,-9
APD,2005,2005-09-30,6011,231,3.02,1003,2132,-5,712,734,2005-09-30,998,263,133,8144,1028,1130,-14
APD,2004,2004-09-30,5464,229,2.59,880,1948,-28,604,625,2004-09-30,851,227,127,7411,969,1068,-22
APD,2003,2003-09-30,4613,224,2.27,605,1684,-39,397,418,2003-09-30,565,147,121,6297,833,1080,-24
APD,2002,2002-09-30,3828,223,2.15,775,1574,-46,525,544,2002-09-30,785,241,121,5401,715,798,-22
APD,2001,2001-09-30,4103,219,2.08,745,1615,-110,466,518,2001-09-30,737,219,123,5717,752,869,-19
APD,2000,2000-09-30,3826,216,0.15,831,1642,-840,124,132,2000-09-30,118,-14,124,5467,715,810,-22
APD,1999,1999-09-30,3501,216,1.97,725,1519,-91,451,466,1999-09-30,669,203,123,5020,691,794,-33
APD,1998,1998-09-30,2857,220,2.12,845,2063,-125,547,547,1998-09-30,824,277,112,4919,1120,1217,-18
APD,1997,1997-09-30,2772,225,1.86,725,1866,-95,429,429,1997-09-30,630,201,114,4638,1051,1140,-23
APD,1996,1996-09-30,2408,227,1.83,591,1600,18,416,416,1996-09-30,610,193,114,4008,920,1008,-29
APD,1995,1995-09-30,2317,224,1.61,602,1548,-49,368,368,1995-09-30,553,185,103,3865,869,946,-9
APD,1994,1994-09-30,2112,228,1.02,486,1374,-82,248,234,1994-09-30,325,92,97,3485,789,886,-79
APD,1993,1993-09-30,2030,228,1.23,369,1298,-81,201,201,1993-09-30,301,100,92,3328,744,956,13
APD,1992,1992-09-30,1937,226,1.23,481,1281,-89,271,277,1992-09-30,407,130,85,3217,724,809,16
APD,1991,1991-09-30,1755,224,1.11,438,1176,-88,249,249,1991-09-30,363,114,80,2931,686,767,13
APD,1990,1990-09-30,1775,222,1.04,408,1120,-88,230,230,1990-09-30,337,107,72,2895,659,731,17
APD,1989,1989-09-30,1601,220,1.01,388,1041,-76,222,222,1989-09-30,321,99,71,2642,610,681,9
APD,1988,1988-09-30,1452,219,0.97,376,980,-64,214,214,1988-09-30,304,90,72,2432,545,617,-8
APD,1987,1987-09-30,1279,225,0.71,328,853,-77,156,160,1987-09-30,243,83,57,2132,489,546,-9
APD,1986,1986-09-30,1146,234,0.55,81,836,-74,5,5,1986-09-30,8,3,61,1982,519,778,
APD,1985,1985-09-30,1063,242,0.59,273,767,-55,143,143,1985-09-30,218,74,51,1830,473,524,
APD,1984,1984-09-30,1020,247,0.57,272,715,-49,141,141,1984-09-30,223,83,44,1735,421,465,0
APD,1983,1983-09-30,1015,245,0.44,224,619,-51,109,109,1983-09-30,172,64,40,1634,401,441,0
AKAM,2019,2019-12-31,987.624,164.573,3.09388,548.918,1905.993,-15.009,478.035,479.131,2019-12-31,532.481,53.35,261.365,2893.617,949.469,1357.075,-1.428
AKAM,2018,2018-12-31,953.485,169.188,2.3197,362.499,1760.989,-16.262,298.373,301.473,2018-12-31,343.089,41.616,246.165,2714.474,935.447,1398.4899999999998,-3.148
AKAM,2017,2017-12-31,875.837,172.711,1.79912,314.289,1613.198,-0.984,222.766,248.766,2017-12-31,314.192,65.426,222.434,2489.035,891.186,1298.909,0.887
AKAM,2016,2016-12-31,809.106,176.215,1.8643,466.51,1538.882,-3.936,320.727,320.727,2016-12-31,466.362,145.635,167.628,2347.988,790.645,1072.372,3.788
AKAM,2015,2015-12-31,725.62,180.415,1.79132,466.15,1471.828,-5.481,321.406,321.406,2015-12-31,456.624,135.218,148.591,2197.448,772.935,1005.678,-4.045
AKAM,2014,2014-12-31,610.943,181.186,1.86271,489.519,1352.931,-6.252,333.948,333.948,2014-12-31,479.776,145.828,125.286,1963.874,660.916,863.412,-3.491
AKAM,2013,2013-12-31,511.1,181.8,1.63,414,1066.8,6.1,293.5,293.5,2013-12-31,419.6,126.1,93.9,1577.9,506.8,652.9,-0.5
AKAM,2012,2012-12-31,431.9,181.7,1.14,314.5,942,6.5,204,204,2012-12-31,321.6,117.6,74.7,1373.9,531.4,627.6,0.6
AKAM,2011,2011-12-31,374.5,187.6,1.06,290.6,784,10.4,200.9,200.9,2011-12-31,307.2,106.3,52.3,1158.5,419.1,493.4,6.1
AKAM,2010,2010-12-31,303.4,190.7,0.9,254,720.2,10.9,171.2,171.2,2010-12-31,262.4,91.2,54.8,1023.6,394.5,466.20000000000005,-2.5
AKAM,2009,2009-12-31,249.9,188.7,0.78,223.5,609.8,13.6,145.9,145.9,2009-12-31,237.2,91.3,43.7,859.8,325.5,386.4,0.2
AKAM,2008,2008-12-31,222.6,186.7,0.8,212.3,568.3,21.8,145.1,145.1,2008-12-31,234.5,89.4,39.2,790.9,300.4,356.1,0.5
AKAM,2007,2007-12-31,167.4,185.1,0.56,144.9,469,22.8,101,101,2007-12-31,168.2,67.2,44.1,636.4,268.7,324.1,0.5
AKAM,2006,2006-12-31,94.1,176.8,0.56,83.1,334.6,14.8,57.4,57.4,2006-12-31,98.5,41.1,33.1,428.7,209.9,251.50000000000003,0.6
AKAM,2005,2005-12-31,55.7,156.9,0.47,72,227.5,-1.1,328,328,2005-12-31,70.4,-257.6,18.1,283.1,130.9,155.39999999999998,-0.5
AKAM,2004,2004-12-31,46.2,146.6,0.3,42.2,163.9,-8.1,34.4,34.4,2004-12-31,35.1,0.8,12.1,210,102.7,121.60000000000001,1.1
AKAM,2003,2003-12-31,61.1,118.1,-0.28,-13.3,100.1,-15.4,-29.3,-29.3,2003-12-31,-28.7,0.6,13,161.3,104.6,113.4,
AKAM,2002,2002-12-31,84.7,112.8,-1.55,-182.5,60.3,-21.4,-204.4,-204.4,2002-12-31,-203.9,0.5,17.2,145,167.9,242.8,0
AKAM,2001,2001-12-31,55.1,103.2,-11.29,-2413.9,108.1,-21.6,-2435.5,-2435.5,2001-12-31,-2434.5,1.1,61.5,163.2,177.6,2522,1
AKAM,2000,2000-12-31,61.5,88,-10.05,-899.6,28.3,14,-885.8,-885.8,2000-12-31,-885.6,0.2,55.6,89.8,194.8,927.8,
AKAM,1999,1999-12-31,9,30.2,-1.87,-56.4,-5,2.3,-57.6,-54.2,1999-12-31,-54.2,0,11.7,4,39.6,51.4,
AKAM,1998,1998-12-31,0,15,-0.06,-0.9,0,0,-0.9,-0.9,1998-12-31,-0.9,0,0.2,0,0.6,0.9,
ALK,2019,2019-12-31,3848,124.289,6.61362,1063,4933,-21,769,769,2019-12-31,1016,247,,8781,2846,3870,-26
ALK,2018,2018-12-31,3850,123.975,4.88808,643,4414,-35,437,437,2018-12-31,585,148,,8264,2663,3771,-23
ALK,2017,2017-12-31,3196,123.854,6.42177,1208,4698,-52,960,723,2017-12-31,1159,436,,7894,2434,3490,3
ALK,2016,2016-12-31,1997,124.389,6.97697,1306,3928,-3,797,797,2016-12-31,1316,519,,5925,1769,2622,13
ALK,2015,2015-12-31,1910,129.372,6.71461,1298,3688,13,848,848,2015-12-31,1312,464,,5598,1657,2390,1
ALK,2014,2014-12-31,2359,136.8,4.29,962,3009,-7,605,605,2014-12-31,975,370,,5368,1451,2047,20
ALK,2013,2013-12-31,2350,141.9,3.58,838,2806,-17,508,508,2013-12-31,816,308,,5156,1370,1968,-5
ALK,2012,2012-12-31,2257,143.6,2.2,532,2400,-27,316,316,2012-12-31,514,198,,4657,1294,1868,9
ALK,2011,2011-12-31,2110.1,146.8,1.83,448.9,2207.7,-52.9,244.5,244.5,2011-12-31,393.7,149.2,,4317.8,1237.7,1758.8000000000002,-2.3
ALK,2010,2010-12-31,1709.6,147.1,1.76,471.6,2122.7,-72.7,251.1,251.1,2010-12-31,405.9,154.8,,3832.3,1206.7,1651.1,7
ALK,2009,2009-12-31,1458.8,144.6,0.99,267.4,1941,-60.3,121.6,121.6,2009-12-31,202.9,81.3,,3399.8,1204.7,1673.6000000000001,-4.2
ALK,2008,2008-12-31,2211,145.4,-0.88,-172.2,1409.3,-36.7,-135.9,-135.9,2008-12-31,-213.2,-77.3,,3620.3,1183.4,1623.8000000000002,-4.3
ALK,2007,2007-12-31,1732.8,161.7,0.77,212,1773.2,-6.3,125,125,2007-12-31,201.6,76.6,,3506,1153.3,1561.2,-4.1
ALK,2006,2006-12-31,1692.8,151.8,-0.24,-87.3,1641.6,1,-52.6,-52.6,2006-12-31,-87.8,-35.2,,3334.4,1332.6,1728.8999999999999,-1.5
ALK,2005,2005-12-31,1529.3,135.7,0.76,-7.4,1446,-23.2,-5.9,84.5,2005-12-31,137.2,52.7,,2975.3,1081.3,1453.3999999999999,167.8
ALK,2004,2004-12-31,1257.6,107.4,0.43,-79.8,1466.2,-25.7,-15.3,-15.3,2004-12-31,-20.6,-5.3,,2723.8,1110.8,1546,84.9
ALK,2003,2003-12-31,1076.6,106.9,0.14,-11.1,1368.2,-32.7,13.5,13.5,2003-12-31,29,15.5,,2444.8,1056.1,1379.3000000000002,72.8
ALK,2002,2002-12-31,997.1,106.2,-0.63,-88.9,1227,-22.4,-118.6,-67.2,2002-12-31,-101.8,-34.6,,2224.1,983,1315.9,9.5
ALK,2001,2001-12-31,1014.4,106,-0.28,-121.8,1126.5,-13.5,-39.5,-39.5,2001-12-31,-57.5,-18,,2140.9,924.2,1248.2999999999997,77.8
ALK,2000,2000-12-31,1061.1,105.8,0.02,-20.6,1116.1,3.8,-70.3,-13.4,2000-12-31,-15.7,-2.3,,2177.2,836.7,1136.7000000000003,1.1
ALK,1999,1999-12-31,898.4,106,1.27,199.9,1183.6,14.1,134.2,134.2,1999-12-31,220.7,86.5,,2082,756.7,983.6999999999999,6.7
ALK,1998,1998-12-31,793.8,105.5,1.21,211,1103.9,7.6,124.4,124.4,1998-12-31,204.4,80,,1897.7,689.2,892.9000000000001,-14.2
ALK,1997,1997-12-31,795.3,90.8,0.87,139,944.1,-17.7,72.4,72.4,1997-12-31,123.6,51.2,,1739.4,612.1,805.1000000000001,2.3
ALK,1996,1996-12-31,767.3,89.8,0.45,89,824.9,-26.3,38,38,1996-12-31,64.3,26.3,,1592.2,558.8,735.9000000000001,1.6
ALK,1995,1995-12-31,664.8,83.1,0.32,75.7,752.7,-40.9,17.3,17.3,1995-12-31,34,16.7,,1417.5,500.6,677,-0.8
ALK,1994,1994-12-31,481,78.4,0.41,75,834.6,,22.5,22.5,1994-12-31,41,18.4,,1315.6,401.7,759.5999999999999,-34
ALK,1993,1993-12-31,445,53.4,-0.44,-16.8,683.3,,-30.9,-30.9,1993-12-31,-45.8,-14.9,,1128.3,368.2,700.0999999999999,-29
ALK,1992,1992-12-31,460.5,53.2,-1.32,-94.8,654.9,,-84.8,-80.3,1992-12-31,-125.7,-45.4,,1115.4,370.6,749.7,-30.9
ALK,1991,1991-12-31,426.1,53.7,0.07,34.6,677.9,,10.3,10.3,1991-12-31,16.2,5.9,,1104,332,643.3000000000001,-18.4
ALK,1990,1990-12-31,433,54.7,2.95,28.4,614,,17.2,17.2,1990-12-31,27.9,10.8,,1047,298.4,585.5,-0.5
ALK,1989,1989-12-31,330,72.7,2.42,70,586.5,,42.9,42.9,1989-12-31,69.4,26.4,,916.5,269.9,516.6,-0.6
ALK,1988,1988-12-31,278.6,67.6,2.29,70.5,535.8,,37.5,37.5,1988-12-31,62.5,25,,814.4,237.9,465.19999999999993,-8.1
ALK,1987,1987-12-31,261.8,72,1.71,34.3,448,,24.7,13.3,1987-12-31,22.2,8.9,,709.8,200.8,413.7,-12.2
ALK,1986,1986-12-31,154.7,63.9,1.48,37.8,313.6,,17.7,17.7,1986-12-31,27.9,10.2,,468.3,134.2,275.8,-9.9
ALK,1985,1985-12-31,169.6,60.6,1.68,31.2,263.6,,25.9,25.9,1985-12-31,33.8,7.9,,433.2,119.8,232.4,2.6
ALK,1984,1984-12-31,142.5,51.4,1.4,34,219.1,,23.9,23.9,1984-12-31,34,10.1,,361.6,105.9,185.10000000000002,0
ALK,1983,1983-12-31,108,43.9,0.96,30.9,172.6,,15.7,15.7,1983-12-31,28.3,12.6,,280.6,83.8,141.7,-2.6
ALB,2019,2019-12-31,2330.949,106.321,5.50211,621.223,1258.478,-78.66,533.228,474.789,2019-12-31,562.95,88.161,58.287,3589.427,503.184,637.2550000000001,5.976
ALB,2018,2018-12-31,2143.894,109.458,5.28763,857.84,1231.056,-72.256,693.562,627.975,2018-12-31,794.701,166.726,70.054,3374.95,420.713,373.21600000000035,9.117
ALB,2017,2017-12-31,1961.5,112.38,4.6112,515.36,1110.476,-57.962,54.85,381.881,2017-12-31,446.798,64.917,78.63,3071.976,403.632,595.116,-10.6
ALB,2016,2016-12-31,1706.627,113.239,3.43307,574.551,970.576,-65.181,643.675,419.001,2016-12-31,515.264,96.263,80.475,2677.203,380.464,396.0250000000001,5.894
ALB,2015,2015-12-31,1966.196,111.556,3.79566,345.111,860.233,-81.65,334.906,299.61,2015-12-31,310.744,11.134,89.187,2826.429,300.44,515.1220000000003,47.283
ALB,2014,2014-12-31,1674.7,79.102,3.21215,271.298,770.848,-41.358,133.316,194.695,2014-12-31,213.179,18.484,88.31,2445.548,355.135,499.54999999999995,-16.761
ALB,2013,2013-12-31,1755,84.3,5.2,582.9,861.4,-31.6,413.2,408.1,2013-12-31,544.4,136.3,82.2,2616.4,162.9,278.5,-6.9
ALB,2012,2012-12-31,1835.4,89.9,4.43,406.2,910,-32.8,311.5,292.1,2012-12-31,374.6,82.5,78.9,2745.4,313.2,503.9000000000001,1.2
ALB,2011,2011-12-31,1891.9,91.5,4.77,587.8,977.1,-37.6,436.3,420.6,2011-12-31,550.6,130,77.1,2869,312.1,389.2999999999997,0.4
ALB,2010,2010-12-31,1616.8,92.2,3.57,414.8,745.9,-25.5,323.7,299.4,2010-12-31,392.1,92.7,58.4,2362.8,265.7,331.10000000000014,2.8
ALB,2009,2009-12-31,1521.5,92,2.11,186.3,483.9,-24.6,178.4,167.3,2009-12-31,160.3,-7,60.9,2005.4,212.6,297.5999999999999,-1.4
ALB,2008,2008-12-31,1859.4,92.7,2.54,220.9,607.7,-38.2,194.2,189.9,2008-12-31,183.3,-6.5,67.3,2467.1,255.1,386.7999999999997,0.6
ALB,2007,2007-12-31,1713.7,97.4,2.4,309.9,622.5,-35.3,229.7,222.7,2007-12-31,277.8,55.1,62.7,2336.2,245,312.5999999999999,3.3
ALB,2006,2006-12-31,1817.7,97.1,2.37,177.5,550.8,-44,143,131.2,2006-12-31,133.4,2.2,46.3,2368.5,237.9,373.29999999999995,-0.1
ALB,2005,2005-12-31,1684.1,95.5,1.19,163.9,423.4,-42,114.9,95.8,2005-12-31,123.4,27.6,41.7,2107.5,219.7,259.5,1.5
ALB,2004,2004-12-31,1201.4,85.1,0.84,102.1,312.3,-12.9,54.8,54.8,2004-12-31,71.8,17,31.3,1513.7,157.7,210.29999999999995,-17.3
ALB,2003,2003-12-31,871.7,84.3,0.98,92.8,238.5,-6.3,71.9,74.2,2003-12-31,88.1,13.9,18.4,1110.2,117.2,145.69999999999993,1.5
ALB,2002,2002-12-31,776.2,86.3,0.88,105.5,235.2,-5.1,74.7,74.7,2002-12-31,103.8,29.1,16.5,1011.4,111.7,129.69999999999993,3.4
ALB,2001,2001-12-31,695.6,93,0.77,98.5,221.3,-5.5,68.2,68.2,2001-12-31,97.2,29,21.9,916.9,98.9,122.79999999999995,4.3
ALB,2000,2000-12-31,646.1,93.2,1.06,150.2,271.5,-6,101.8,101.8,2000-12-31,147.5,45.7,26.2,917.5,103.2,121.29999999999995,3.3
ALB,1999,1999-12-31,581.4,95,0.87,114.1,264.5,-8.4,88.8,88.8,1999-12-31,128.7,39.9,34.3,845.9,105.4,150.39999999999998,0.9
ALB,1998,1998-12-31,560.1,104.3,0.83,125.7,260.8,-4.5,84.7,84.7,1998-12-31,122.8,38.1,29.7,820.9,105.4,135,1.6
ALB,1997,1997-12-31,568.4,111.3,0.74,120.7,261.4,-0.7,80,80,1997-12-31,120.9,40.9,31.4,829.9,109.3,140.70000000000005,0.9
ALB,1996,1996-12-31,611.4,117.7,0.53,93.4,243.1,-2.5,156.1,156.1,1996-12-31,253.1,97,30.4,854.5,119.3,149.70000000000005,4
ALB,1995,1995-12-31,967.2,132.7,0.52,117,277,-13.3,78.2,78.2,1995-12-31,131.6,53.4,29.5,1244.2,130.5,160.0999999999999,4.5
ALB,1994,1994-12-31,835.4,127.6,0.36,94,245.6,-14.5,51.3,51.3,1994-12-31,89.4,38.1,28.1,1080.9,123.5,151.5,1.4
ALB,1993,1993-12-31,711,118.8,0.22,48.7,192.4,-7.8,21.8,21.8,1993-12-31,42.5,20.7,30.3,903.4,106.2,143.79999999999995,1.6
ALB,1992,1992-12-31,631.9,118.8,0.35,61.4,186.3,-4.9,39.8,41.7,1992-12-31,58.5,16.8,32,818.2,92.9,124.89999999999998,2
ALB,1991,1991-12-31,580.6,118.8,0.48,73.6,210.4,-2.5,52.6,52.6,1991-12-31,74.7,22.1,35.4,791,95,136.79999999999995,3.6
ARE,2019,2019-12-31,445.492,112.524,3.64744,372.465,1085.804,31.108,363.165,404.047,2019-12-31,404.047,,,1531.296,108.823,713.3389999999999,
ARE,2018,2018-12-31,381.12,103.321,3.51054,370.84,946.339,23.249,379.312,402.793,2018-12-31,402.793,,,1327.459,90.405,575.499,
ARE,2017,2017-12-31,325.609,92.06328,1.61485,307.042,802.488,-113.219,169.093,194.204,2017-12-31,194.204,,,1128.097,75.009,495.44599999999997,
ARE,2016,2016-12-31,278.408,76.103,0.75733,53.533,643.298,-107.137,-65.991,-49.889,2016-12-31,-49.889,,,921.706,63.884,589.765,
ARE,2015,2015-12-31,261.232,71.529,1.78841,237.893,582.242,-104.162,144.217,146.157,2015-12-31,146.157,,,843.474,59.621,344.349,
ARE,2014,2014-12-31,219.2,71.2,1.7,177.9,507.7,-78.7,95.2,99.1,2014-12-31,99.1,,,726.9,53.5,329.8,
ARE,2013,2013-12-31,189,68,1.62,202.5,442.1,-68,131.4,134.5,2013-12-31,134.5,0,,631.2,48.5,239.7,
ARE,2012,2012-12-31,174.5,62.2,1.09,170.6,411.6,-69.2,100.3,101.4,2012-12-31,101.4,0,,586.1,47.8,240.89999999999998,
ARE,2011,2011-12-31,168.6,59.1,1.85,199.7,404.8,-63.4,131.4,136.3,2011-12-31,136.3,0,,573.4,41.2,205.20000000000002,
ARE,2010,2010-12-31,132.3,48.4,0.66,208.4,355,-69.6,135.3,138.7,2010-12-31,138.7,0,,487.3,34.4,146.59999999999997,
ARE,2009,2009-12-31,120.5,38.6,2.22,217.7,359.6,-81.3,134.6,136.4,2009-12-31,136.4,0,,480.1,36.3,141.89999999999998,
ARE,2008,2008-12-31,114.5,31.9,3.02,262.4,346.1,-151.4,122.9,111.1,2008-12-31,111.1,0,,460.7,34.8,83.69999999999999,
ARE,2007,2007-12-31,99.2,30,2.34,233.3,306.2,-144.4,93.7,88.8,2007-12-31,88.8,0,,405.4,32.5,72.89999999999999,
ARE,2006,2006-12-31,71.6,25.5,2.19,180.9,233.4,-106.7,73.4,74.3,2006-12-31,74.3,0,,305,26.1,64.30000000000001,
ARE,2005,2005-12-31,54.5,21.3,2.21,140.5,184.7,-76.6,63.4,63.9,2005-12-31,63.9,0,,239.3,21.1,49,
ARE,2004,2004-12-31,38.4,19.7,2.24,105.1,141.3,-46.6,60.2,58.6,2004-12-31,58.6,0,,179.7,15.1,39.699999999999996,
ARE,2003,2003-12-31,32.8,19.2,2.06,88.9,125.7,-40.4,59.6,48.5,2003-12-31,48.5,0,,158.5,14.2,38.900000000000006,
ARE,2002,2002-12-31,30,17.9,1.92,78.9,113,-38.5,40,40.4,2002-12-31,40.4,0,,143.1,13.4,35.8,
ARE,2001,2001-12-31,26.1,16.2,1.64,70.8,98.4,-40.5,30.3,30.3,2001-12-31,30.3,0,,124.5,11.7,30.9,
ARE,2000,2000-12-31,21.9,14.7,1.52,59.5,81.5,-33.5,26,26,2000-12-31,26,0,,103.4,9,25.5,
ARE,1999,1999-12-31,19,13.7,1.46,45.5,65.7,-23.5,22.1,22.1,1999-12-31,22.1,0,,84.7,7,21.700000000000003,
ARE,1998,1998-12-31,13.4,12.3,1.58,35.6,46.4,-16.2,19.4,19.4,1998-12-31,19.4,0,,59.8,3.9,11.999999999999998,
ARE,1997,1997-12-31,8.8,8.1,0.47,4.3,25.2,-7.1,-2.8,-2.8,1997-12-31,-2.8,0,,34,7.3,21.7,
ARE,1996,1996-12-31,4.4,3.6,0.16,8.5,12.8,-6.3,2.2,2.2,1996-12-31,2.2,0,,17.1,2.4,4.799999999999999,
ARE,1995,1995-12-31,2.2,3.6,0.21,4.4,7.5,-3.6,0.8,0.8,1995-12-31,0.9,0.1,,9.7,1.6,3.3,
ARE,1994,1994-12-31,0.3,3.6,-0.18,-0.3,0.7,-0.3,-0.6,-0.6,1994-12-31,-0.6,0,,0.9,1,1,
ALXN,2019,2019-12-31,394.5,224.8,10.71174,2120.4,4596.6,22.5,2404.3,2404.3,2019-12-31,2178.8,-225.5,886,4991.1,1261.1,2476.2,35.9
ALXN,2018,2018-12-31,374.3,224.5,5.43731,269.6,3756.9,-32.9,77.6,21.1,2018-12-31,242.2,221.1,730.4,4131.2,1111.8,3487.2999999999997,5.5
ALXN,2017,2017-12-31,454.2,225.4,2.70705,627.4,3096.9,-79.9,443.3,489.1,2017-12-31,547.8,58.7,878.4,3551.1,1094.4,2469.5,0.3
ALXN,2016,2016-12-31,258.3,226.3,2.0415,667.4,2825.8,-86,399.4,399.4,2016-12-31,576.2,176.8,757.2,3084.1,953,2158.3999999999996,-5.2
ALXN,2015,2015-12-31,233.089,215.933,0.91362,536.671,2370.958,-38.529,144.385,144.385,2015-12-31,498.142,353.757,709.472,2604.047,862.595,1834.2870000000003,
ALXN,2014,2014-12-31,173.9,201.6,3.43,868.7,2059.9,3.4,656.9,656.9,2014-12-31,872.1,215.2,499.7,2233.7,630.2,1191.1,
ALXN,2013,2013-12-31,168.4,199.7,1.38,528,1383,-1.7,252.9,252.9,2013-12-31,526.3,273.4,307,1551.3,489.7,854.9,
ALXN,2012,2012-12-31,126.2,198.5,1.27,404.3,1007.9,-6.8,254.8,254.8,2012-12-31,397.6,142.7,215.6,1134.1,384.7,603.5999999999999,
ALXN,2011,2011-12-31,93.1,191.8,0.97,230.8,690.3,-1.2,175.3,175.3,2011-12-31,229.7,54.4,137.4,783.4,308.2,459.5,0
ALXN,2010,2010-12-31,64.4,186.1,0.52,150.6,476.5,-1.6,97,97,2010-12-31,149,52,98.4,541,226.8,325.9,0
ALXN,2009,2009-12-31,45.1,181.2,1.63,87.1,341.7,-0.4,295.2,295.2,2009-12-31,83.3,-211.9,81.9,386.8,172.8,254.6,-3.4
ALXN,2008,2008-12-31,28.4,179.9,0.2,34.6,230.7,0.1,33.1,33.1,2008-12-31,34.7,1.6,62.6,259.1,133.5,196.1,0
ALXN,2007,2007-12-31,6.7,145.2,-0.64,-99.8,65.3,6.7,-92.3,-92.3,2007-12-31,-93,-0.7,69,72,96.1,165.10000000000002,0
ALXN,2006,2006-12-31,0,126.8,-1.03,-137.1,1.6,5.2,-131.5,-131.5,2006-12-31,-131.9,-0.4,83.2,1.6,54.9,138.6,
ALXN,2005,2005-12-31,0,122.1,-0.47,-60.3,0.7,1.9,-58,-58,2005-12-31,-58.4,-0.5,48.2,0.7,12.8,61,0
ALXN,2004,2005-07-31,,111.4,-0.98,-108.7,,-0.9,-108.8,-108.8,2005-07-31,-109.5,-0.8,91.4,1.1,19,109.7,
ALXN,2003,2004-07-31,,86.5,-0.85,-70.5,,-4.3,-74.1,-74.1,2004-07-31,-74.8,-0.7,59.8,4.6,14.5,75.1,
ALXN,2002,2003-07-31,,72.8,-1.14,-83.3,,-1.9,-84.5,-84.5,2003-07-31,-85.2,-0.8,71,0.9,10.6,84.2,
ALXN,2001,2002-07-31,,72.6,-0.78,-61.5,,4.2,-56.5,-56.5,2002-07-31,-57.2,-0.7,60,6.5,8,68,
ALXN,2000,2001-07-31,,69.5,-0.35,-58.1,,10.2,-57,-47.9,2001-07-31,-47.9,0,38.9,11.8,7.1,69.9,
ALXN,1999,2000-07-31,,55.7,-0.36,-22.9,,2.7,-20.2,-20.2,2000-07-31,-20.2,0,40.2,21.4,4.2,44.4,
ALXN,1998,1999-07-31,,45.1,-0.14,-7.9,,1.5,-6.4,-6.4,1999-07-31,-6.4,0,23.7,18.8,3,26.7,
ALXN,1997,1998-07-31,,40.2,-0.22,-10,,2.1,-7.9,-7.9,1998-07-31,-7.9,0,12.3,5,2.7,15,
ALXN,1996,1997-07-31,,29.8,-0.24,-8.1,,,-7.3,-7.3,1997-07-31,-7.3,0,9.1,3.8,2.8,11.9,0.8
ALXN,1995,1996-07-31,,21.4,-0.25,-5.8,,,-5.4,-5.4,1996-07-31,-5.4,0,6.6,2.6,1.8,8.5,0.4
ALXN,1994,1995-07-31,,19.4,-0.37,-7.1,,,-7.1,-7.1,1995-07-31,-7.1,0,5.6,0.1,1.6,7.2,0
ALXN,1993,1994-07-31,,15.4,-0.47,-7.4,,,-7.3,-7.3,1994-07-31,-7.3,0,5.5,0,1.9,7.4,0.1
ALXN,1992,1993-07-31,,9.2,-0.44,-4.1,,,-4.1,-4.1,1993-07-31,-4.1,0,3,0,1.1,4.1,0
ALXN,1991,1992-07-31,,6.9,-0.1,-0.7,,,-0.7,-0.7,1992-07-31,-0.7,0,0.4,0,0.3,0.7,0
ALGN,2019,2019-12-31,662.899,80.1,5.28789,542.493,1743.897,12.482,442.776,450.304,2019-12-31,562.651,112.347,157.361,2406.796,1059.653,1201.404,7.676
ALGN,2018,2018-12-31,518.625,81.357,4.91949,466.564,1447.867,8.576,400.235,408.928,2018-12-31,466.651,57.723,128.899,1966.492,852.404,981.3030000000001,-8.489
ALGN,2017,2017-12-31,356.466,81.832,3.85812,353.611,1116.947,11.188,231.418,318.937,2017-12-31,364.799,45.862,97.559,1473.413,665.777,763.3359999999999,
ALGN,2016,2016-12-31,264.58,81.484,2.32784,248.921,815.294,-6.355,189.682,191.366,2016-12-31,242.566,51.2,75.72,1079.874,490.653,566.373,
ALGN,2015,2015-12-31,205.376,81.521,1.76666,188.634,640.11,-2.533,144.02,144.02,2015-12-31,186.101,42.081,61.237,845.486,390.239,451.476,
ALGN,2014,2014-12-31,183.2,82.3,1.77,193.6,578.4,-3.2,145.8,145.8,2014-12-31,190.4,44.5,52.8,761.7,332.1,384.90000000000003,
ALGN,2013,2013-12-31,162.1,82.6,1.34,94.2,498.1,,64.3,64.3,2013-12-31,93.1,28.8,44.1,660.2,292.8,403.9,-1.1
ALGN,2012,2012-12-31,143.7,83,1.01,85.6,416.4,0.8,58.7,58.7,2012-12-31,84.3,25.6,42.9,560,247.9,330.7,-2.1
ALGN,2011,2011-12-31,118.5,80.3,0.93,90.4,361.3,0.5,66.7,66.7,2011-12-31,89.9,23.2,37.2,479.7,231.3,270.9,-0.9
ALGN,2010,2010-12-31,83.7,78.1,0.91,102.7,303.4,0.5,74.3,74.3,2010-12-31,102,27.8,26,387.1,178.8,200.7,-1.3
ALGN,2009,2009-12-31,78.8,69.1,0.23,-34,233.5,0.5,-31.3,-31.3,2009-12-31,-33.9,-2.6,22.3,312.3,172.6,267.5,-0.4
ALGN,2008,2008-12-31,78.9,68.1,1.23,15.5,225.1,3,80,80,2008-12-31,17.1,-62.9,26.2,304,177.2,209.6,-1.5
ALGN,2007,2007-12-31,75,71.4,0.48,33.9,209.3,3.9,35.7,35.7,2007-12-31,37,1.2,25.7,284.3,151.5,175.5,-0.8
ALGN,2006,2006-12-31,64.8,63.2,-0.41,-37.5,141.6,2.9,-35,-35,2006-12-31,-34.1,0.8,18.5,206.4,146.3,179.10000000000002,0.5
ALGN,2005,2005-12-31,63.8,63.2,0.02,2.4,143.3,1.8,1.4,1.4,2005-12-31,2.7,1.3,18.6,207.1,122.3,140.89999999999998,-1.5
ALGN,2004,2004-12-31,57.5,64.1,0.14,9.8,115.3,0.4,8.8,8.8,2004-12-31,9.8,1,15.8,172.8,89.8,105.6,-0.4
ALGN,2003,2003-12-31,51.6,57.8,-0.35,-19.9,71.2,0.2,-20.1,-20.1,2003-12-31,-20,0.1,13.1,122.7,78,91.1,-0.3
ALGN,2002,2002-12-31,45,47.9,-1.52,-72.9,24.7,0.8,-72.8,-72.8,2002-12-31,-72.8,0,13.1,69.7,84.6,97.6,-0.7
ALGN,2001,2001-12-31,46.8,42.2,-2.57,-98.8,-0.4,2.3,-97.5,-97.5,2001-12-31,-97.5,0,14.7,46.4,83.3,98.39999999999999,-0.9
ALGN,2000,2000-12-31,20.3,5.5,-25.64,-81.1,-13.5,-7.5,-88.7,-88.7,2000-12-31,-88.7,0,9.2,6.7,58.4,67.60000000000001,-0.1
ALGN,1999,1999-12-31,1.8,4.2,-3.65,-14.7,-1.3,-0.6,-15.4,-15.4,1999-12-31,-15.4,0,4.2,0.4,9.2,13.299999999999999,-0.1
ALGN,1998,1998-12-31,0,2.8,-1.33,-4,0,0.2,-3.8,-3.8,1998-12-31,-3.8,0,1.5,0,2.5,4,0
ALGN,1997,1997-12-31,0,1.5,-0.43,-0.7,0,0,-0.7,-0.7,1997-12-31,-0.7,0,0.4,0,0.3,0.7,0
ALLE,2019,2019-12-31,1601.7,94.3,4.74991,535,1252.3,-56.1,401.8,402.1,2019-12-31,475.2,73.1,,2854,679.3,717.3,-3.7
ALLE,2018,2018-12-31,1558.4,95.7,4.36012,525.8,1173.3,-53.1,434.9,413.5,2018-12-31,475.2,61.7,,2731.7,647.5,647.5,2.5
ALLE,2017,2017-12-31,1335.3,96,3.49819,492.5,1072.9,-99.8,273.3,329,2017-12-31,395.7,66.7,,2408.2,580.4,580.4000000000001,3
ALLE,2016,2016-12-31,1248.3,96.9,3.07199,349.9,989.7,-60.8,229.1,231.2,2016-12-31,295,63.8,,2238,555.4,639.8,5.9
ALLE,2015,2015-12-31,1185.4,96.9,2.50236,254.4,882.7,-56.3,153.9,154.7,2015-12-31,209.3,54.6,,2068.1,509,628.3,11.2
ALLE,2014,2014-12-31,1263.2,97.2,1.96675,326.3,855.1,-60.3,175.2,183.7,2014-12-31,267.9,84.2,,2118.3,521.7,528.8,1.9
ALLE,2013,2013-12-31,1205,96.1,1.34,240.8,864.6,-17.4,32.3,48.4,2013-12-31,223.4,175,,2069.6,480.4,623.8,0
ALLE,2012,2012-12-31,1194.7,96,2.39,371.3,828.6,-4.6,220.1,230,2012-12-31,366.7,136.7,,2023.3,449.8,457.29999999999995,0
ALLE,2011,2011-12-31,1211.3,96.2,2.35,359,809.9,3.1,218.1,231.7,2011-12-31,362.2,130.5,38.9,2021.2,411.7,450.9000000000001,0.1
ALLE,2010,2010-12-31,1200.7,96.2,2.04,325,767,1.8,191.8,201,2010-12-31,326.7,125.7,33.8,1967.7,405.2,442,-0.1
ALLE,2009,2009-12-31,,96.2,,,,,177.4,,2009-12-31,,,,2038.8,,,
ALLE,2008,2008-12-31,,96.2,,,,,-76.4,,2008-12-31,,,,2413.9,,,
LNT,2019,2019-12-31,221.7,239,2.33138,777.7,,-127.2,567.4,567.4,2019-12-31,636.1,68.7,,3518.8,,2648.3,-14.4
LNT,2018,2018-12-31,232.3,233.6,2.16824,694.4,,-116.8,522.3,516.7,2018-12-31,570,53.3,,3446.9,,2607.7999999999997,-7.6
LNT,2017,2017-12-31,211.4,229.7,1.90596,671.2,,-121.1,467.5,448,2017-12-31,532.8,84.8,,3295.6,,2499.6,-17.3
LNT,2016,2016-12-31,194.3,227.1,1.97545,554.1,,-94.1,381.7,384,2016-12-31,443.4,59.4,,3230.9,,2571.6,-16.6
LNT,2015,2015-12-31,219.1,225.4,1.689,577,,-115.7,388.4,390.9,2015-12-31,461.3,70.4,,3151.7,,2457.5,
LNT,2014,2014-12-31,352.9,221.6,1.73962,543.6,,-103.6,393.3,395.7,2014-12-31,440,44.3,,3231.1,,2453.7999999999997,0
LNT,2013,2013-12-31,493.5,221.6,1.64,533.9,,-97.9,376.2,382.1,2013-12-31,436,53.9,,3153.8,,2249.4,
LNT,2012,2012-12-31,488.7,221.5,1.47,519.7,,-89.5,335.7,340.8,2012-12-31,430.2,89.4,,2985.6,,2086.1000000000004,
LNT,2011,2011-12-31,552.4,221.4,1.37,478.4,,-102.7,321.9,320.6,2011-12-31,375.7,55.1,,3112.5,,2634.5,
LNT,2010,2010-12-31,583.7,221,1.31,556.1,,-103.3,306.3,308,2010-12-31,453.2,145.2,,3154.8,,2276.3,0.4
LNT,2009,2009-12-31,629,220.7,1.1,194.2,,-74.2,129.7,129.4,2009-12-31,120.2,-9.2,,3001.2,,2609.6,0.2
LNT,2008,2008-12-31,519.6,220.6,1.27,488.6,,-67.7,288,280,2008-12-31,420.2,140.2,,3121.7,,2673.5,-0.7
LNT,2007,2007-12-31,740,225,1.28,763.1,,-82.7,425.3,424.7,2007-12-31,680.5,255.8,,3041,,1934.5,0.1
LNT,2006,2006-12-31,431.7,234.4,1.01,402.7,,-110.8,315.7,338.3,2006-12-31,541.3,203,,3076.3,,2525,-4.5
LNT,2005,2005-12-31,504.6,233.6,0.39,421.5,,-459.2,-7.7,56.4,2005-12-31,3.5,-52.9,,3005.7,,2353.5,41.2
LNT,2004,2004-12-31,396.9,227.4,0.96,410.3,,-115.7,145.5,210.8,2004-12-31,294.6,83.8,,2578.8,,2151.5,
LNT,2003,2003-12-31,396.1,203.1,0.84,394.9,,-184.2,183.5,159.7,2003-12-31,231.5,71.8,,2484,,2337.2000000000003,20.9
LNT,2002,2002-12-31,611.5,181.9,0.52,294.5,,-181.9,106.9,76.3,2002-12-31,112.4,36.1,,2146.5,,1702.8000000000002,-0.2
LNT,2001,2001-12-31,764.1,161.3,1.15,370,,-150.2,172.4,185.2,2001-12-31,245.1,59.8,,2244.4,,1643.2000000000003,25.2
LNT,2000,2000-12-31,573.6,158.4,2.32,381.1,,168.9,398.7,382,2000-12-31,620.8,238.8,,2063,,1450.3000000000002,47
LNT,1999,1999-12-31,436,156.8,1.09,376.5,,-135.6,196.6,196.6,1999-12-31,317.1,120.5,,1863.3,,1385.4,35.9
LNT,1998,1998-12-31,421.8,153.9,0.63,283.3,,-129.3,96.7,96.7,1998-12-31,154.8,58.1,,1863,,1425.8,0.7
LNT,1997,1997-12-31,224.7,61.6,0.99,128.6,,-43.1,61.3,61.3,1997-12-31,90,28.7,,790,,565.9000000000001,4.4
LNT,1996,1996-12-31,185.9,61.6,1.19,141.5,,-42.1,71.9,73.2,1996-12-31,115,41.8,,755.1,,605.4,15.6
LNT,1995,1995-12-31,128,61.5,1.16,149.4,,-41.7,58.4,71.6,1995-12-31,107.7,36.1,,685.5,,529.9,
LNT,1994,1994-12-31,126.5,61.3,1.06,130,,-40,65.3,65.3,1994-12-31,100.7,35.4,,671.4,,559.7,10.6
LNT,1993,1993-12-31,120.2,59.4,1.05,126.2,,-40.9,62.5,62.5,1993-12-31,87.6,25.1,,641.6,,526.6999999999999,2.3
LNT,1992,1992-12-31,101.5,54.1,1.05,116.2,,-41.4,57,57,1992-12-31,79.6,22.6,,597.1,,434,4.8
LNT,1991,1991-12-31,91.2,53.5,1.21,131,,-38.6,64.9,64.9,1991-12-31,96.7,31.8,,606.3,,429.3,4.3
LNT,1990,1990-12-31,83.1,53.3,1.12,126.3,,-35.9,59.5,59.5,1990-12-31,88,28.5,,581.2,,409.1,-2.4
LNT,1989,1989-12-31,91.3,53.3,0.97,116.2,,-33.1,51.5,51.5,1989-12-31,78.3,26.9,,570.9,,397.3,-4.7
LNT,1988,1988-12-31,99.8,53.1,1.09,120.9,,-33.1,57.9,57.9,1988-12-31,89.1,31.2,,571.3,,380.2,1.3
LNT,1987,1987-12-31,83.9,52.9,1.04,124.8,,-32.9,55,55,1987-12-31,91.4,36.5,,545.2,,340.70000000000005,-0.4
LNT,1986,1986-12-31,101,52.9,1.07,136.3,,-34.6,56.7,56.7,1986-12-31,103.2,46.5,,565.2,,331.9,1.5
LNT,1985,1985-12-31,135.1,52.9,1.06,131.1,,-25.2,56.4,56.4,1985-12-31,105.4,49,,584.9,,322.79999999999995,-0.5
LNT,1984,1984-12-31,145.9,52,1.03,122.7,,-28.3,53.6,53.6,1984-12-31,100.2,46.6,,571.8,,306.79999999999995,5.7
ALL,2019,2019-12-31,,333.5,14.47811,6089,,,4847,4847,2019-12-31,6089,1242,,,,38634,
ALL,2018,2018-12-31,,353.2,5.78427,2628,,,2160,2131,2018-12-31,2628,497,,,,37200,
ALL,2017,2017-12-31,,367.8,8.59509,4549,,,3554,3045,2017-12-31,4549,1504,,,,35004,
ALL,2016,2016-12-31,,377.3,5.27794,2754,,,1877,1877,2016-12-31,2754,877,,,,34093,
ALL,2015,2015-12-31,,406.8,5.84515,3282,,,2171,2171,2015-12-31,3282,1111,,,,32823,
ALL,2014,2014-12-31,,438,6.78,4236,,,2850,2850,2014-12-31,4236,1386,,,,31245,
ALL,2013,2013-12-31,,470,6.89,3396,,,2280,2280,2013-12-31,3396,1116,,,,31318,
ALL,2012,2012-12-31,,493,5.04,3288,,,2306,2306,2012-12-31,3306,1000,,,,30266,
ALL,2011,2011-12-31,,523,2.48,975,,,788,788,2011-12-31,960,172,,,,32242,
ALL,2010,2010-12-31,,543,3.16,1115,,,928,928,2010-12-31,1126,198,,,,31222,
ALL,2009,2009-12-31,,541,4.74,1241,,,854,854,2009-12-31,1248,394,,,,33148,
ALL,2008,2008-12-31,,548,1.4,-3019,,,-1679,-1679,2008-12-31,-3025,-1346,,,,36148,
ALL,2007,2007-12-31,,597,8.18,6663,,,4636,4636,2007-12-31,6653,2017,,,,30416,
ALL,2006,2006-12-31,,637,8.14,7271,,,4993,4993,2006-12-31,7178,2185,,,,28525,
ALL,2005,2005-12-31,,667,2.71,2101,,,1765,1765,2005-12-31,2088,323,,,,33282,
ALL,2004,2004-12-31,,700,4.87,4610,,,3181,3356,2004-12-31,4586,1230,,,,29326,
ALL,2003,2003-12-31,,706,3.98,3612,,,2710,2725,2003-12-31,3571,846,,,,28537,
ALL,2002,2002-12-31,,710,2.22,1536,,,1144,1475,2002-12-31,1540,65,,,,28043,
ALL,2001,2001-12-31,,723,2.01,1348,,,1203,1212,2001-12-31,1285,73,,,,27517,
ALL,2000,2000-12-31,,749,3.13,3047,,,2252,2252,2000-12-31,3047,795,,,,26087,
ALL,1999,1999-12-31,,804,3.47,3897,,,2759,2759,1999-12-31,3907,1148,,,,23062,
ALL,1998,1998-12-31,,837,3.88,4658,,,3333,3323,1998-12-31,4745,1422,,,,21221,
ALL,1997,1997-12-31,,873,3.51,4372,,,3144,3110,1997-12-31,4434,1324,,,,20577,
ALL,1996,1996-12-31,,896,2.43,2800,,,2079,2050,1996-12-31,2669,619,,,,21499,
ALL,1995,1995-12-31,,899,1.98,2262,,,1904,1848,1995-12-31,2421,573,,,,20531,
ALL,1994,1994-12-31,,900,0.65,120,,,484,398,1994-12-31,120,-278,,,,20989,
ALL,1993,1993-12-31,,883,1.49,1282,,,1302,1223,1993-12-31,1282,59,,,,19320,
ALL,1992,1992-12-31,,862,-0.58,-1425,,,-825,-500,1992-12-31,-1425,-926,,,,21653,
ALL,1991,1991-12-31,,871,0.83,539,,,723,723,1991-12-31,539,-183,,,,18811,
ALL,1990,1990-12-31,,871,0.79,301,,,700,691,1990-12-31,301,-390,,,,17898,
ALL,1989,1989-12-31,,871,0.94,684,,,815,815,1989-12-31,684,-132,,,,16119,
ALL,1988,1988-12-31,,871,1.05,869,,,914,914,1988-12-31,869,-45,,,,14055,
GOOGL,2019,2019-12-31,71896,698.556,51.26832,34231,89961,5473,34343,34343,2019-12-31,39625,5282,26018,161857,28015,55730,-79
GOOGL,2018,2018-12-31,59549,703.285,50.05127,27524,77270,8383,30736,30736,2018-12-31,34913,4177,21419,136819,23256,49746,-994
GOOGL,2017,2017-12-31,45583,703.584,35.17478,26178,65272,765,12662,22486,2017-12-31,27193,4707,16625,110855,19733,39094,250
GOOGL,2016,2016-12-31,35138,698.706,27.87725,23716,55134,90,19478,19478,2016-12-31,24150,4672,13948,90272,17470,31418,344
GOOGL,2015,2015-12-31,28164,692.93,22.83925,19360,46825,35,16348,16348,2015-12-31,19651,3303,12282,74989,15183,27465,256
GOOGL,2014,2014-12-31,25313,687,20.26,16496,40688,585,14136,13620,2014-12-31,17259,3639,9832,66001,13982,24192,178
GOOGL,2013,2013-12-31,21993,737,17.92,15403,33526,305,12733,13160,2013-12-31,15899,2739,7137,55519,10986,18123,248
GOOGL,2012,2012-12-31,17176,665,17.16,13834,28863,-145,10737,11553,2012-12-31,14469,2916,6083,46039,8946,15029,592
GOOGL,2011,2011-12-31,13188,654,15.61,11632,24717,629,9737,9737,2011-12-31,12326,2589,5162,37905,7313,13085,65
GOOGL,2010,2010-12-31,10417,647,13.16,10381,18904,404,8505,8505,2010-12-31,10796,2291,3762,29321,4761,8523,11
GOOGL,2009,2009-12-31,8844,639,10.21,8312,14806,67,6520,6520,2009-12-31,8381,1861,2843,23651,3651,6494,2
GOOGL,2008,2008-12-31,8622,635,7.9,5537,13174,312,4227,4227,2008-12-31,5854,1627,2793,21796,3749,7636,5
GOOGL,2007,2007-12-31,6649,632,6.65,5084,9945,594,4204,4204,2007-12-31,5674,1470,2120,16594,2741,4861,-5
GOOGL,2006,2006-12-31,4225,619,4.97,3550,6380,458,3077,3077,2006-12-31,4011,934,1229,10605,1601,2830,3
GOOGL,2005,2005-12-31,2577,584,2.62,2017,3561,120,1465,1465,2005-12-31,2142,676,600,6139,855,1544,4
GOOGL,2004,2004-12-31,1469,546,0.96,640,1720,15,399,399,2004-12-31,650,251,395,3189,484,1080,-5
GOOGL,2003,2003-12-31,634,513,0.21,342,832,1,106,106,2003-12-31,347,241,230,1466,259,489,3
GOOGL,2002,2002-12-31,133,441,0.23,186,307,-1,100,100,2002-12-31,185,85,40,440,80,120,0
GOOGL,2001,2001-12-31,15,374,0.02,11,71,-1,7,7,2001-12-31,10,3,21,86,39,60,0
GOOGL,2000,2000-12-31,6,134,-0.11,-15,13,,-15,-15,2000-12-31,-15,0,12,19,16,28,0
GOOGL,1999,1999-12-31,1,85,-0.07,-7,-1,,-6,-6,1999-12-31,-6,0,3,0,3,6,0
MO,2019,2019-12-31,12397,1869,2.97673,255,12713,445,-1293,-1214,2019-12-31,766,1980,,25110,2128,12458,66
MO,2018,2018-12-31,12898,1888,4.084,9082,12466,225,6963,7155,2018-12-31,9341,2186,,25364,2643,3384,34
MO,2017,2017-12-31,13563,1921,3.4587,10029,12013,-164,10222,6860,2017-12-31,9828,2968,,25576,2266,1984,-37
MO,2016,2016-12-31,14160,1952,3.01793,21780,11584,71,14239,14244,2016-12-31,21852,7608,,25744,2574,-10196,1
MO,2015,2015-12-31,14320,1961,2.83632,8138,11114,-60,5241,5243,2015-12-31,8078,2835,,25434,2708,2976,
MO,2014,2014-12-31,14362,1978,2.59,7576,10160,198,5070,5070,2014-12-31,7774,2704,,24522,2539,2584,
MO,2013,2013-12-31,14009,1999,2.63,7000,10457,-58,4535,4535,2013-12-31,6942,2407,,24466,2320,3457,
MO,2012,2012-12-31,15055,2024,2.38,6379,9556,98,4180,4183,2012-12-31,6477,2294,,24611,2281,3177,
MO,2011,2011-12-31,14861,2064,1.9,6068,8939,-486,3390,3393,2011-12-31,5582,2189,,23800,2643,2871,
MO,2010,2010-12-31,15175,2079,2.01,6228,9188,-505,3905,3907,2010-12-31,5723,1816,,24363,2735,2960,
MO,2009,2009-12-31,14722,2071,1.82,5462,8834,-585,3206,3208,2009-12-31,4877,1669,,23556,2843,3372,
MO,2008,2008-12-31,11669,2087,1.62,4489,7687,300,4930,3090,2008-12-31,4789,1699,,19356,2753,3198,
MO,2007,2007-12-31,52297,2116,4.47,13235,21504,-215,9786,8924,2007-12-31,13020,4096,,73801,7805,8269,
MO,2006,2006-12-31,68563,2105,5.88,17413,32844,-877,12022,12185,2006-12-31,16536,4351,,101407,14913,15431,
MO,2005,2005-12-31,65698,2090,5.35,16592,32156,-1157,10435,10817,2005-12-31,15435,4618,,97854,14799,15564,
MO,2004,2004-12-31,59606,2063,4.94,15180,30004,-1176,9416,9464,2004-12-31,14004,4540,,89610,13665,14824,
MO,2003,2003-12-31,52998,2038,4.62,15910,28834,-1150,9204,9609,2003-12-31,14760,5151,,81832,12602,12924,
MO,2002,2002-12-31,50974,2129,4.58,19232,29434,-1134,11102,11674,2002-12-31,18098,6424,,80408,12282,10202,
MO,2001,2001-12-31,50247,2210,4.33,15702,39677,-1418,8560,8877,2001-12-31,14284,5407,,89924,22961,23975,
MO,2000,2000-12-31,46228,2272,4.01,14679,34128,-719,8510,8510,2000-12-31,13960,5450,,80356,18858,19449,
MO,1999,1999-12-31,46406,2403,3.44,13490,32190,-795,7675,7675,1999-12-31,12695,5020,,78596,18118,18700,
MO,1998,1998-12-31,43398,2446,3.25,9977,30993,-890,5372,5372,1998-12-31,9087,3715,,74391,17051,21016,
MO,1997,1997-12-31,42630,2442,3.18,11663,29425,-1052,6310,6310,1997-12-31,10611,4301,,72055,15720,17762,
MO,1996,1996-12-31,41211,2482,2.78,11769,27993,-1086,6303,6303,1996-12-31,10683,4380,,69204,15630,16224,
MO,1995,1995-12-31,39617,2538,2.39,10526,26454,-1179,5450,5478,1995-12-31,9347,3869,,66071,15337,15928,0
MO,1994,1994-12-31,39700,2602,2.05,9449,25425,-1233,4725,4725,1994-12-31,8216,3491,,65125,15372,15976,0
MO,1993,1993-12-31,37051,2634,1.57,7587,23850,-1391,3091,3568,1993-12-31,6196,2628,,60901,15694,16263,0
MO,1992,1992-12-31,35118,2718,2.01,10059,24013,-1451,4939,4939,1992-12-31,8608,3669,,59131,13433,13954,0
MO,1991,1991-12-31,34006,2775,1.59,8622,22452,-1651,3006,3927,1991-12-31,6971,3044,,56458,13331,13830,0
MO,1990,1990-12-31,31276,2776,1.44,7946,19893,-1635,3540,3540,1990-12-31,6311,2771,,51169,11499,11947,0
MO,1989,1989-12-31,27616,2780,1.2,6789,16464,-1731,2946,2946,1989-12-31,5058,2112,,44080,9290,9675,0
MO,1988,1988-12-31,19447,2796,0.78,4397,11826,-670,2337,2064,1988-12-31,3727,1663,,31273,7304,7429,0
MO,1987,1987-12-31,17010,2854,0.68,3990,11173,-646,1842,1842,1987-12-31,3344,1502,,28183,7078,7183,0
MO,1986,1986-12-31,16088,2862,0.56,3537,9795,-772,1478,1478,1986-12-31,2765,1287,,25883,6146,6258,0
MO,1985,1985-12-31,10133,2876,0.45,2678,5831,-431,1255,1173,1985-12-31,2247,1074,,15964,3121,3153,0
MO,1984,1984-12-31,9193,2944,0.31,2142,4621,-266,889,835,1984-12-31,1553,718,,13814,2467,2479,-323
MO,1983,1983-12-31,8853,3025,0.3,1746,4123,-234,904,821,1983-12-31,1502,681,,12976,2377,2377,-10
AMZN,2019,2019-12-31,165536,504,22.99206,14541,114986,-768,11588,11602,2019-12-31,13976,2374,35931,280522,64313,100445,203
AMZN,2018,2018-12-31,139156,500,19.832,12421,93731,-977,10073,9907,2018-12-31,11261,1354,28837,232887,52177,81310,-183
AMZN,2017,2017-12-31,111934,493,4.55172,4106,65932,-406,3033,2248,2017-12-31,3806,1558,22620,177866,38992,61826,106
AMZN,2016,2016-12-31,88265,484,4.89876,4186,47722,-371,2371,2467,2016-12-31,3892,1425,16085,135987,27284,43536,77
AMZN,2015,2015-12-31,71651,477,1.24948,2233,35355,-680,596,618,2015-12-31,1568,950,12540,107006,20411,33122,15
AMZN,2014,2014-12-31,62752,462,-0.52,178,26236,-295,-241,-278,2014-12-31,-111,167,9275,88988,16650,26058,6
AMZN,2013,2013-12-31,54181,465,0.59,745,20271,-241,274,345,2013-12-31,506,161,6565,74452,12847,19526,2
AMZN,2012,2012-12-31,45971,453,-0.09,676,15122,-137,-39,116,2012-12-31,544,428,4564,61093,9723,14446,5
AMZN,2011,2011-12-31,37288,461,1.37,862,10789,64,631,643,2011-12-31,934,291,2909,48077,6864,9927,8
AMZN,2010,2010-12-31,26561,456,2.53,1406,7643,88,1152,1145,2010-12-31,1497,352,1734,34204,4397,6237,3
AMZN,2009,2009-12-31,18978,442,2.04,1129,5531,33,902,908,2009-12-31,1161,253,1240,24509,3060,4402,-1
AMZN,2008,2008-12-31,14896,432,1.49,842,4270,50,645,654,2008-12-31,901,247,1033,19166,2419,3428,9
AMZN,2007,2007-12-31,11482,424,1.12,655,3353,12,476,476,2007-12-31,660,184,818,14835,1871,2698,-7
AMZN,2006,2006-12-31,8255,424,0.45,389,2456,-6,190,190,2006-12-31,377,187,662,10711,1395,2067,-6
AMZN,2005,2005-12-31,6451,426,0.78,432,2039,-6,359,333,2005-12-31,428,95,451,8490,1109,1607,2
AMZN,2004,2004-12-31,5319,425,1.39,440,1602,-80,588,588,2004-12-31,356,-233,251,6921,918,1162,-5
AMZN,2003,2003-12-31,4007,419,0.39,271,1257,-108,35,36,2003-12-31,36,0,208,5264,776,986,3
AMZN,2002,2002-12-31,2940,378,-0.03,64,993,-119,-149,-146,2002-12-31,-146,0,216,3933,666,929,6
AMZN,2001,2001-12-31,2324,364,-0.55,-412,799,-110,-567,-526,2001-12-31,-526,0,241,3122,607,1211,-2
AMZN,2000,2000-12-31,2106,351,-2.16,-864,656,-90,-1411,-1107,2000-12-31,-1107,0,269,2762,728,1520,-10
AMZN,1999,1999-12-31,1349,327,-1.52,-606,291,-39,-720,-643,1999-12-31,-643,0,160,1640,514,897,2
AMZN,1998,1998-12-31,476,296,-0.25,-112,134,-13,-125,-125,1998-12-31,-125,0,47,610,149,246,
AMZN,1997,1997-12-31,119,260,-0.11,-29,29,2,-28,-28,1997-12-31,-28,0,12,148,46,58,
AMZN,1996,1996-12-31,12,223,-0.03,-6,3,0,-6,-6,1996-12-31,-6,0,2,16,7,10,
AMZN,1995,1995-12-31,0,173,0,0,0,0,0,0,1995-12-31,0,0,0,1,0,1,
AMZN,1994,1994-12-31,0,173,0,0,0,0,0,0,1994-12-31,0,0,0,0,0,0,
AMCR,2020,2020-06-30,9932,1601.6,0.44298,994,2535.5,-184.7,612.2,638.3,2020-06-30,825.2,186.9,97.3,12467.5,1384.1,1541.5,15.9
AMCR,2019,2019-06-30,7659.1,1183.8,0.47079,791.7,1799.1,-191.1,430.2,432.6,2019-06-30,604.1,171.5,64,9458.2,951.3,1007.3999999999996,3.5
AMCR,2018,2018-06-30,7462.3,1161.7,0.52434,993.9,1856.8,-196.9,575.2,604.1,2018-06-30,722.9,118.8,72.7,9319.1,792.8,862.9000000000005,-74.1
AMCR,2017,2017-06-30,7189.2,1164.2,0.58187,916.1,1911.8,-178.7,564,566.9,2017-06-30,715.8,148.9,69.1,9101,850.2,995.6999999999998,-21.6
AMCR,2016,2016-06-30,7426.5,1177.3,0.68394,575.7,1994.8,-157.8,244.1,273.6,2016-06-30,408.9,135.3,67.4,9421.3,953.6,1419.1000000000004,-9
AMCR,2015,2015-06-30,7679.6,1225.1,0.56511,1065.1,1932.2,-159.1,680.3,707.9,2015-06-30,895.9,188,62.9,9611.8,943.8,867.1000000000004,-10.1
AMCR,2014,2014-06-30,8077,1228,0.54,1080,1881,-162,518,705,2014-06-30,887,182,70,9958,854,801,-31
AMCR,2013,2013-06-30,10490,1225,0.52,1043,2251,-188,616,644,2013-06-30,817,173,67,12741,1359,1208,-37
AMCR,2012,2012-06-30,10443,1232,0.49,796,2129,-174,425,450,2012-06-30,584,134,70,12572,1442,1333,-38
AMCR,2011,2011-06-30,10148,1243,0.36,756,2094,-168,352,375,2011-06-30,542,167,92,12242,1499,1338,-46
AMCR,2010,2010-06-30,7136,1171,0.38,443,1533,-161,161,177,2010-06-30,282,105,49,8669,1142,1090,-48
AMCR,2009,2009-06-30,5908,886,0.37,318,1100,-134,156,161,2009-06-30,185,24,29,7008,843,782,-39
AMCR,2008,2008-06-30,6936,927,0.4,418,1326,-161,232,213,2008-06-30,257,44,32,8262,987,908,-32
AMCR,2007,2007-06-30,6539,977,0.22,231,1278,,419,197,2007-06-30,231,34,25,7817,924,1048,-32
AMCR,2006,2006-06-30,6971,1084,0.35,380,1279,,262,311,2006-06-30,380,69,28,8250,829,1030,
AMCR,2005,2005-06-30,6998,941,0.49,184,1350,,130,140,2005-06-30,184,44,30,8347,1148,1296,
AMCR,2004,2004-06-30,6107,935,0.35,335,1291,,246,256,2004-06-30,335,79,33,7398,944,1080,
AMCR,2003,2003-06-30,5114,916,0.38,284,1119,,210,220,2003-06-30,284,64,26,6234,756,980,
AMCR,2002,2002-06-30,3166,842,0.02,513,750,,445,450,2002-06-30,513,63,,3916,740,783,
AMCR,2001,2001-06-30,2439,680,0.26,217,604,,152,153,2001-06-30,217,63,8,3043,386,483,
AMCR,2000,2000-06-30,2867,678,0.3,238,732,,182,186,2000-06-30,238,52,,3599,1414,1479,
AMCR,1999,1999-06-30,2726,687,0.29,272,1062,,178,182,1999-06-30,272,90,,3788,1121,1201,
AMCR,1998,1998-06-30,3084,689,0.07,46,1023,,21,12,1998-06-30,46,35,,4107,1085,1170,
AMCR,1997,1997-06-30,3520,681,-0.09,-14,1292,,-94,-87,1997-06-30,-14,73,,4812,1290,1385,
AMCR,1996,1996-06-30,3536,690,0.38,358,1334,,254,237,1996-06-30,358,121,,4870,1134,1240,
AMCR,1995,1995-06-30,3651,651,0.41,410,1246,,265,256,1995-06-30,410,154,,4896,811,900,
AEE,2019,2019-12-31,887,247.1,3.35087,1267,,-348,828,834,2019-12-31,1016,182,,5910,,3756,69
AEE,2018,2018-12-31,955,245.8,3.3157,1357,,-368,815,821,2018-12-31,1058,237,,6291,,3979,33
AEE,2017,2017-12-31,949,244.2,2.77232,1410,,-357,523,683,2017-12-31,1105,422,,6174,,3815,28
AEE,2016,2016-12-31,964,243.4,2.68283,1322,,-342,653,659,2016-12-31,1041,382,,6076,,3790,34
AEE,2015,2015-12-31,929,243.6,2.37685,1259,,-314,630,585,2015-12-31,948,363,,6098,,3910,-27
AEE,2014,2014-12-31,1069,244.4,2.4018,1254,,-304,586,593,2014-12-31,970,377,,6053,,3730,-14
AEE,2013,2013-12-31,1028,244.5,2.09,1184,,-368,289,518,2013-12-31,829,311,,5838,,3626,-24
AEE,2012,2012-12-31,472,242.6,2.89,-1240,,-415,-974,-974,2012-12-31,-1654,-680,,6828,,7596,1
AEE,2011,2011-12-31,570,241.5,2.47,1241,,-419,519,526,2011-12-31,836,310,,7531,,5720,14
AEE,2010,2010-12-31,669,238.8,2.19,916,,-464,139,151,2010-12-31,476,325,,7638,,6053,24
AEE,2009,2009-12-31,749,220.4,2.87,1416,,-478,612,624,2009-12-31,956,332,,7090,,4925,18
AEE,2008,2008-12-31,1057,210.1,2.88,1362,,-397,605,644,2008-12-31,971,327,,7839,,5420,6
AEE,2007,2007-12-31,900,207.4,2.98,1342,,-368,618,656,2007-12-31,986,330,,7546,,5304,12
AEE,2006,2006-12-31,931,205.6,2.66,1173,,-312,547,585,2006-12-31,869,284,,6880,,4776,8
AEE,2005,2005-12-31,957,200.8,3.13,1284,,-288,606,644,2005-12-31,1000,356,,6776,,4539,4
AEE,2004,2004-12-31,598,186.4,2.84,1078,,-275,530,530,2004-12-31,812,282,,5154,,3484,9
AEE,2003,2003-12-31,457,161.1,2.95,1090,,-285,524,506,2003-12-31,807,301,,4585,,3046,3
AEE,2002,2002-12-31,198,146.9,2.97,873,,-236,382,382,2002-12-31,619,237,,3835,,2770,-32
AEE,2001,2001-12-31,221.8,137.7,3.45,965,,-211.1,468.5,475.4,2001-12-31,775.4,300.1,,4497.4,,3319,0.7
AEE,2000,2000-12-31,209.5,137.4,3.33,941.5,,-192.4,457.1,457.1,2000-12-31,758.3,301.2,,3850.5,,2705.8,-4.4
AEE,1999,1999-12-31,131.4,137.3,2.81,821.4,,-180.9,385.1,385.1,1999-12-31,644,258.9,,3515.9,,2570.7999999999997,-10.8
AEE,1998,1998-12-31,118.8,137.2,2.82,838.9,,-194.1,386.5,386.5,1998-12-31,654.2,267.7,,3310.9,,2360.5,-2.6
AEE,1997,1997-12-31,160.7,137.2,2.82,816.3,,-197.9,334.7,386.5,1997-12-31,620.7,234.2,,3314,,2349.6000000000004,-10.3
AEE,1996,1996-12-31,160.8,137.2,2.71,828.9,,-197.4,371.7,371.7,1996-12-31,624.7,253,,3316.3,,2338.7,-21.2
AEE,1995,1995-12-31,125.3,137.2,2.72,838.8,,-195.9,372.9,372.9,1995-12-31,633.8,260.9,,3225.9,,2271.7999999999997,-23
AEE,1994,1994-12-31,145.1,137.3,2.85,855,,-183.8,391.5,391.5,1994-12-31,661.1,269.7,,3260,,2269.4,-10.1
AAL,2019,2019-12-31,17637,444.269,5.25582,3065,28131,-968,1686,1686,2019-12-31,2256,570,,45768,16394,25066,159
AAL,2018,2018-12-31,17523,465.66,4.71589,2656,27018,-938,1412,1412,2018-12-31,1884,472,,44541,15731,24362,166
AAL,2017,2017-12-31,14994,491.692,5.81868,4231,27628,-959,1282,2105,2017-12-31,3395,1290,,42622,15244,23397,123
AAL,2016,2016-12-31,13472,556.099,6.0349,5060,26670,-928,2584,2584,2016-12-31,4152,1568,,40142,13970,21610,20
AAL,2015,2015-12-31,14705,687.355,17.89323,6204,26285,-841,7610,7610,2015-12-31,4616,-2994,,40990,12438,20081,-747
AAL,2014,2014-12-31,19925,734,5.7,4249,22725,-856,2882,2882,2014-12-31,3212,330,,42650,11437,18476,-181
AAL,2013,2013-12-31,12932,163,1.6,-1256,13811,-836,-1834,-1834,2013-12-31,-2180,-346,,26743,7464,15067,-88
AAL,2012,2012-12-31,12153,125,-1.51,-2060,12702,-606,-1876,-1876,2012-12-31,-2445,-569,,24855,8108,14762,221
AAL,2011,2011-12-31,11851,125,-8.84,-1155,12128,-785,-1979,-1979,2011-12-31,-1979,0,,23979,8309,13283,-39
AAL,2010,2010-12-31,11193,333,-1.41,308,10977,-766,-471,-471,2010-12-31,-506,-35,,22170,6847,10669,-48
AAL,2009,2009-12-31,10031,294,-4.62,-1004,9886,-668,-1468,-1468,2009-12-31,-1752,-284,,19917,6807,10890,-80
AAL,2008,2008-12-31,13556,259,-3.49,-1889,10210,-589,-2118,-2118,2008-12-31,-2118,0,,23766,6655,12099,360
AAL,2007,2007-12-31,11158,267,1.94,965,11777,-605,456,456,2007-12-31,456,0,,22935,6770,10812,96
AAL,2006,2006-12-31,10846,264,0.98,1060,11717,-722,231,231,2006-12-31,231,0,,22563,6813,10657,-107
AAL,2005,2005-12-31,10073,165,-5.19,-89,10639,-743,-857,-857,2005-12-31,-857,0,,20712,6755,10728,-25
AAL,2004,2004-12-31,8391,161,-4.66,-134,10254,-725,-751,-751,2004-12-31,-751,0,,18645,6719,10388,108
AAL,2003,2003-12-31,7166,158,-7.56,-844,10274,-577,-1228,-1228,2003-12-31,-1308,-80,,17440,7264,11118,113
AAL,2002,2002-12-31,7569,156,-6.93,-3330,9851,-528,-3511,-2523,2002-12-31,-3860,-1337,,17420,8392,13181,-2
AAL,2001,2001-12-31,8397,154,-8.85,-2470,10572,-284,-1762,-1762,2001-12-31,-2756,-994,,18969,8032,13042,-2
AAL,2000,2000-12-31,7624,162,4.81,1381,12079,-162,813,779,2000-12-31,1287,508,,19703,6783,10698,68
AAL,1999,1999-12-31,6173,157,4.18,1156,11557,-180,985,656,1999-12-31,1006,350,,17730,6120,10401,30
AAL,1998,1998-12-31,5848,175,6.38,1988,11668,-154,1314,1114,1998-12-31,1833,719,,17516,5793,9680,-1
AAL,1997,1997-12-31,6156,183,4.42,1595,10801,-291,985,809,1997-12-31,1336,527,,16957,5511,9206,32
AAL,1996,1996-12-31,6037,184,5.97,1807,11327,75,1016,1083,1996-12-31,1596,513,,17364,5706,9520,-286
AAL,1995,1995-12-31,5788,77,5.87,1015,11122,-607,191,191,1995-12-31,353,162,,16910,5779,10107,-55
AAL,1994,1994-12-31,5743,152,3.37,1006,10394,-615,228,228,1994-12-31,370,142,,16137,5550,9388,-21
AAL,1993,1993-12-31,6281,152,-1.03,690,9535,,-110,-96,1993-12-31,-113,-17,,15816,5381,8845,-803
AAL,1992,1992-12-31,9354,150,-3.17,-25,5042,,-935,-475,1992-12-31,-697,-222,,14396,5067,5067,-672
AAL,1991,1991-12-31,8542,136,-1.77,5,4345,,-240,-240,1991-12-31,-340,-100,,12887,4340,4340,-345
AAL,1990,1990-12-31,7713,125,-0.32,124,4007,,-40,-40,1990-12-31,-33,6,,11720,3883,3883,-157
AAL,1989,1989-12-31,6289,126,3.57,744,4190,,455,455,1989-12-31,718,264,,10480,3446,3447,-26
AAL,1988,1988-12-31,5081,125,3.83,807,3744,,477,477,1988-12-31,741,264,,8824,2937,2937,-66
AAL,1987,1987-12-31,4284,121,1.64,461,2914,,198,198,1987-12-31,323,124,,7198,2453,2453,-139
AAL,1986,1986-12-31,3449,81,3.44,411,2569,,279,279,1986-12-31,419,140,,6018,2158,2158,8
AAL,1985,1985-12-31,3479,114,2.97,537,2652,,346,346,1985-12-31,519,173,,6131,2115,2115,-18
AAL,1984,1984-12-31,3093,97,2.18,369,2261,,234,234,1984-12-31,400,166,,5354,1892,1892,31
AAL,1983,1983-12-31,2755,86,2.4,281,2008,,228,228,1983-12-31,299,71,,4763,1727,1727,18
AEP,2019,2019-12-31,3165.2,495.30624,4.08386,2592.3,,-904.1,1921.1,1847.7,2019-12-31,1834.8,-12.9,,15286.5,,9803.900000000001,146.6
AEP,2018,2018-12-31,3427.1,493.75828,4.008,2682.7,,-840.3,1923.8,1847.3,2018-12-31,1973.5,126.2,,15927.1,,10085.9,131.1
AEP,2017,2017-12-31,2965.3,492.61107,3.64565,3525,,-772.9,1912.6,1819.8,2017-12-31,2816.2,996.4,,15195.4,,8934.599999999999,64.1
AEP,2016,2016-12-31,2821.4,491.66201,4.24574,1163.9,,-747.7,610.9,549.3,2016-12-31,475.6,-73.7,,16199.4,,12394.800000000001,59.4
AEP,2015,2015-12-31,2760.1,490.57457,3.59456,3333.5,,-734.1,2047.1,1703.3,2015-12-31,2622.9,919.6,,16328.6,,10359.6,23.5
AEP,2014,2014-12-31,2085.9,488.89984,3.24463,3127.4,,-757.7,1633.8,1500.3,2014-12-31,2402.9,902.6,,16333.7,,11165.300000000001,33.2
AEP,2013,2013-12-31,1491,487,3.35,2855,,-775,1480,1426,2013-12-31,2110,684,,14834,,11011,30
AEP,2012,2012-12-31,1169,485,3.07,2656,,-887,1259,1218,2012-12-31,1822,604,,14945,,11120,53
AEP,2011,2011-12-31,1191,482,4.09,2782,,-808,1946,1549,2011-12-31,2367,818,,15116,,11143,393
AEP,2010,2010-12-31,1000,480,2.85,2663,,-884,1214,1206,2010-12-31,1849,643,,14427,,10764,70
AEP,2009,2009-12-31,1053,459,2.97,2771,,-880,1360,1363,2009-12-31,1938,575,,13489,,9665,47
AEP,2008,2008-12-31,1281,404,2.93,2787,,-859,1380,1369,2008-12-31,2011,642,,14440,,10372,83
AEP,2007,2007-12-31,1138,400,2.79,2319,,-713,1089,1141,2007-12-31,1657,516,,13380,,9923,51
AEP,2006,2006-12-31,856,396,2.74,1966,,-603,1002,992,2006-12-31,1477,485,,12622,,9800,114
AEP,2005,2005-12-31,943,391,2.49,1927,,-529,814,1023,2005-12-31,1453,430,,12111,,9241,55
AEP,2004,2004-12-31,3496,396,2.34,2293,,-616,1089,1127,2004-12-31,1699,572,,14057,,8268,22
AEP,2003,2003-12-31,3557,385,2.36,1632,,-842,110,522,2003-12-31,880,358,,14545,,9356,90
AEP,2002,2002-12-31,2853,332,1.78,1263,,-831,-519,21,2002-12-31,235,214,,14536,,10420,-197
AEP,2001,2001-12-31,14004,322,3.18,2395,,-995,971,1003,2001-12-31,1572,569,,61257,,44858,172
AEP,2000,2000-12-31,,322,1.35,2026,,-1160,267,302,2000-12-31,899,597,,13694,,11668,33
AEP,1999,1999-12-31,,193,2.69,1305,,-540,520,520,1999-12-31,780,260,,6916,,5611,15
AEP,1998,1998-12-31,436,191,2.81,1273,,-419,547,547,1998-12-31,863,316,,6346,,4637,9
AEP,1997,1997-12-31,416,189,3.28,1326,,-406,529,638,1997-12-31,979,341,,6161,,4420,60
AEP,1996,1996-12-31,86,187,3.14,1350,,-381,629,629,1996-12-31,971,342,,5849,,4413,2
AEP,1995,1995-12-31,88,186,2.85,1237,,-400,585,585,1995-12-31,857,272,,5670,,4346,20
AEP,1994,1994-12-31,0,185,2.71,1146,,-389,555,555,1994-12-31,768,213,,5505,,4359,11
AEP,1993,1993-12-31,0,185,2.44,984,,-418,413,413,1993-12-31,612,200,,5269,,4285,47
AEP,1992,1992-12-31,0,185,2.54,1049,,-448,528,528,1992-12-31,694,166,,5045,,3996,93
AEP,1991,1991-12-31,100,185,2.7,1117,,-431,551,551,1991-12-31,750,199,,5047,,3830,65
AEP,1990,1990-12-31,162,187,2.65,1070,,-401,549,549,1990-12-31,755,206,,5167,,3935,86
AEP,1989,1989-12-31,123,194,3.25,1295,,-433,692,692,1989-12-31,985,293,,5140,,3723,123
AEP,1988,1988-12-31,58,194,3.24,1291,,-454,693,693,1988-12-31,964,271,,4841,,3492,127
AEP,1987,1987-12-31,114,194,2.6,1338,,-474,583,583,1987-12-31,922,340,,4788,,3336,58
AEP,1986,1986-12-31,155,194,2.62,1384,,-500,603,603,1986-12-31,1022,419,,4948,,3410,138
AEP,1985,1985-12-31,105,191,2.53,1394,,-562,518,585,1985-12-31,971,386,,4848,,3349,138
AEP,1984,1984-12-31,348,184,2.65,1319,,-504,590,590,1984-12-31,939,349,,4952,,3285,125
AEP,1983,1983-12-31,189,175,2.44,1221,,-493,534,534,1983-12-31,839,305,,4368,,2959,111
AXP,2019,2019-12-31,14220,830,7.98916,8429,30895,,6759,6759,2019-12-31,8429,1670,,45115,17284,22466,
AXP,2018,2018-12-31,12771,859,7.32363,8122,28854,,6921,6425,2018-12-31,8122,1697,,41625,15878,20732,
AXP,2017,2017-12-31,10858,886,5.92099,7425,26799,,2748,5348,2017-12-31,7425,2077,,37657,15038,19374,
AXP,2016,2016-12-31,9508,935,4.74645,8042,26528,,5375,5375,2016-12-31,8042,2667,,36036,15853,18486,
AXP,2015,2015-12-31,8484,1003,5.4966,7938,24809,,5163,5163,2015-12-31,7938,2775,,33293,13034,16871,
AXP,2014,2014-12-31,8122,1051,5.39,8991,26543,,5885,5885,2014-12-31,8991,3106,,34665,14613,17552,2044
AXP,2013,2013-12-31,7666,1089,4.91,7888,25750,,5359,5359,2013-12-31,7888,2529,,33416,14619,17862,2110
AXP,2012,2012-12-31,9307,1141,3.89,6451,24501,,4482,4482,2012-12-31,6451,1969,,33808,14656,18050,1990
AXP,2011,2011-12-31,9254,1184,3.75,6956,23028,,4935,4899,2011-12-31,6956,2057,,32282,14262,16072,1112
AXP,2010,2010-12-31,8013,1195,2.87,5964,22229,,4057,4057,2010-12-31,5964,1907,,30242,13371,16265,2207
AXP,2009,2009-12-31,6760,1171,1,2841,19970,,2130,2137,2009-12-31,2841,704,,26730,11435,17129,5313
AXP,2008,2008-12-31,8441,1157,2.48,3581,23479,,2699,2871,2008-12-31,3581,710,,31920,13294,19898,5798
AXP,2007,2007-12-31,5404,1196,3.41,5566,26153,,4012,4048,2007-12-31,5566,1518,,31557,12437,20587,3901
AXP,2006,2006-12-31,5065,1238,3.01,5328,22071,,3707,3729,2006-12-31,5328,1599,,27136,11695,16743,2558
AXP,2005,2005-12-31,4829,1258,2.4,4049,19239,,3535,3022,2005-12-31,4049,1027,,24068,10420,15190,2387
AXP,2004,2004-12-31,7359,1285,2.74,4951,21756,,3445,3516,2004-12-31,4951,1435,,29115,12105,16805,1963
AXP,2003,2003-12-31,6333,1298,2.31,4247,19533,,2987,3000,2003-12-31,4247,1247,,25866,10553,15286,2071
AXP,2002,2002-12-31,5725,1330,2,3727,18082,,2671,2671,2002-12-31,3727,1056,,23807,7798,14355,2329
AXP,2001,2001-12-31,6271,1336,1.41,1596,16311,,1311,1311,2001-12-31,1596,285,,22582,7281,14715,2513
AXP,2000,2000-12-31,6633,1360,2.07,3908,17042,,2810,2810,2000-12-31,3908,1098,,23675,7136,13134,1897
AXP,1999,1999-12-31,6038,1370,1.81,3438,15240,,2475,2475,1999-12-31,3438,963,,21278,6608,11802,1664
AXP,1998,1998-12-31,5380,1388,1.54,2925,13752,,2141,2141,1998-12-31,2925,784,,19132,6390,10827,1623
AXP,1997,1997-12-31,4700,1438,1.38,2750,13060,,1991,1991,1997-12-31,2750,759,,17760,5716,10310,1675
AXP,1996,1996-12-31,4325,1465,1.3,2664,11912,,1901,1901,1996-12-31,2664,763,,16237,5542,9248,1378
AXP,1995,1995-12-31,4039,1498,1.03,2183,11802,,1564,1564,1995-12-31,2183,619,,15841,5497,9619,1357
AXP,1994,1994-12-31,3769,1536,0.89,1891,10513,,1413,1380,1994-12-31,1891,511,,14282,5169,8622,1011
AXP,1993,1993-12-31,3380,1503,0.7,2326,9874,,1478,1605,1993-12-31,2326,721,,13254,4999,7548,1119
AXP,1992,1992-12-31,7223,1430,0.27,775,19738,,461,436,1992-12-31,775,339,,26961,7886,18963,
AXP,1991,1991-12-31,6004,1421,0.53,759,19759,,789,789,1991-12-31,759,-30,,25763,7755,19000,
AXP,1990,1990-12-31,5709,1331,0.23,725,18712,,181,338,1990-12-31,725,387,,24421,6710,17987,
AXP,1989,1989-12-31,5322,1281,0.89,1527,19725,,1157,1157,1989-12-31,1527,370,,25047,6009,18198,
AXP,1988,1988-12-31,4988,1279,0.76,1331,15907,,1038,988,1988-12-31,1331,343,,20895,5037,14576,
AXP,1987,1987-12-31,3721,1297,0.41,687,14047,,533,533,1987-12-31,687,154,,17768,6742,13360,
AXP,1986,1986-12-31,3438,1367,0.81,1613,11214,,1250,1110,1986-12-31,1613,503,,14652,5349,9601,
AXP,1985,1985-12-31,2573,1383,0.59,1247,9277,,810,810,1985-12-31,1247,437,,11850,4482,8030,
AXP,1984,1984-12-31,2260,1338,0.46,736,10635,,610,610,1984-12-31,736,126,,12895,6007,9899,
AXP,1983,1983-12-31,1541,1220,0.42,801,5057,,515,515,1983-12-31,801,286,,6598,1910,4256,
AIG,2019,2019-12-31,,889.51195,4.97855,6704,,-1417,3348,4121,2019-12-31,5287,1166,,,8537,43216,
AIG,2018,2018-12-31,,898.40554,0.1574,1566,,-1309,-6,103,2018-12-31,257,154,,,9302,46074,
AIG,2017,2017-12-31,,930.56129,0.01934,2634,,-1168,-6084,640,2017-12-31,1466,826,,,9107,47113,
AIG,2016,2016-12-31,,1091.08513,-0.68611,1186,,-1260,-849,-259,2016-12-31,-74,185,,,10989,51668,
AIG,2015,2015-12-31,,1334.46488,2.33478,4562,,-1281,2196,2222,2015-12-31,3281,1059,,,12686,54356,
AIG,2014,2014-12-31,,1447.55365,5.38621,12219,,-1718,7529,7574,2014-12-31,10501,2927,,,14723,52404,
AIG,2013,2013-12-31,,1481,6.65,11510,,-2142,9085,9008,2013-12-31,9368,360,,,4549,57355,
AIG,2012,2012-12-31,,1687,4.85,11641,,-2319,3438,7752,2012-12-31,9322,1570,,,,54844,
AIG,2011,2011-12-31,,1799,10.05,2806,,-3871,17798,16971,2011-12-31,-1065,-18036,,,3974,62479,
AIG,2010,2010-12-31,,137,-47.19,25795,,-7859,7786,12077,2010-12-31,17936,5859,,,,51506,
AIG,2009,2009-12-31,,135,3254.95,1721,,-15369,-10949,-11770,2009-12-31,-13648,-1878,,,,94283,
AIG,2008,2008-12-31,,132,-479.21,-91754,,-17007,-99289,-100387,2008-12-31,-108761,-8374,,,,102858,
AIG,2007,2007-12-31,,130,47.73,8943,,,6200,7488,2007-12-31,8943,1455,,,,101121,
AIG,2006,2006-12-31,,131,106.53,21687,,,14048,15150,2006-12-31,21687,6537,,,,91507,
AIG,2005,2005-12-31,,131,79.85,15213,,,10477,10955,2005-12-31,15213,4258,,,,93692,
AIG,2004,2004-12-31,,132,74.98,14950,,,9731,10330,2004-12-31,14950,4620,,,,83037,
AIG,2003,2003-12-31,,131,70.51,13908,,,9274,9644,2003-12-31,13908,4264,,,,67395,
AIG,2002,2002-12-31,,132,41.91,8142,,,5519,5814,2002-12-31,8142,2328,,,,59340,
AIG,2001,2001-12-31,,133,56.49,8847,,,5363,5800,2001-12-31,8139,2339,,,,46612,-708
AIG,2000,2000-12-31,,117,48.11,8620,,,5636,5891,2000-12-31,8349,2458,,,,33806,-271
AIG,1999,1999-12-31,,118,43.02,7709,,,5055,5293,1999-12-31,7512,2219,,,,30017,-197
AIG,1998,1998-12-31,,99,38.08,5673,,,3766,3935,1998-12-31,5529,1594,,,,25231,-144
AIG,1997,1997-12-31,,99,33.61,4827,,,3332,3332,1997-12-31,4699,1367,,,,23203,-129
AIG,1996,1996-12-31,,100,29.05,4141,,,2897,2897,1996-12-31,4013,1116,,,,21770,-128
AIG,1995,1995-12-31,,100,25.02,3593,,,2510,2510,1995-12-31,3466,956,,,,20234,-128
AIG,1994,1994-12-31,,100,21.65,3050,,,2176,2176,1994-12-31,2952,776,,,,17746,-98
AIG,1993,1993-12-31,,101,19.02,2675,,,1939,1918,1993-12-31,2601,683,,,,16075,-74
AIG,1992,1992-12-31,,101,16.12,2207,,,1657,1625,1992-12-31,2137,512,,,,14947,-70
AIG,1991,1991-12-31,,101,15.34,2093,,,1553,1553,1991-12-31,2023,470,,,,13770,-70
AIG,1990,1990-12-31,,98,14.58,1896,,,1442,1442,1990-12-31,1812,369,,,,13060,-85
AIG,1989,1989-12-31,,97,13.98,1754,,,1367,1367,1989-12-31,1706,338,,,,11861,-48
AIG,1988,1988-12-31,,97,12.56,1467,,,1217,1217,1988-12-31,1440,223,,,,11771,-26
AIG,1987,1987-12-31,,97,10.75,1209,,,1042,1042,1987-12-31,1195,153,,,,10048,-14
AIG,1986,1986-12-31,,96,8.25,910,,,796,796,1986-12-31,908,112,,,,7955,-2
AIG,1985,1985-12-31,,90,4.65,440,,,420,420,1985-12-31,411,-9,,,,5277,-29
AIG,1984,1984-12-31,,88,3.42,275,,,302,302,1984-12-31,261,-41,,,,3894,-14
AIG,1983,1983-12-31,,88,4.69,458,,,412,412,1983-12-31,449,37,,,,3463,-9
AMT,2019,2019-12-31,2216.8,445.52,4.74152,2666.2,5363.5,-761.3,1887.8,1916.6,2019-12-31,1916.4,-0.2,,7580.3,730.4,2697.3,11.5
AMT,2018,2018-12-31,2177.8,442.96,3.04279,1901.7,5262.3,-775.4,1236.4,1264.7,2018-12-31,1154.6,-110.1,,7440.1,733.2,3360.5999999999995,28.3
AMT,2017,2017-12-31,2056.6,431.688,3.23941,1928.2,4607.3,-676.9,1238.9,1225.4,2017-12-31,1256.1,30.7,,6663.9,637,2679.1,4.8
AMT,2016,2016-12-31,1790.389,429.283,1.97607,1854.197,3995.279,-703.986,956.425,970.359,2016-12-31,1125.86,155.501,,5785.668,543.395,2141.0820000000003,-24.351
AMT,2015,2015-12-31,1308.868,423.015,1.55873,1533.183,3462.648,-639.734,685.074,672.007,2015-12-31,829.962,157.955,,4771.516,497.835,1929.4650000000001,-63.487
AMT,2014,2014-12-31,1094.265,400.086,2.01018,1483.449,3005.783,-605.004,824.91,803.199,2014-12-31,865.704,62.505,,4100.048,446.542,1522.334,-12.741
AMT,2013,2013-12-31,859.9,399.1,1.47,1175.6,2501.5,-638.1,551.3,482.2,2013-12-31,541.7,59.5,,3361.4,415.5,1325.9,4.2
AMT,2012,2012-12-31,722.5,399.3,1.67,1119.3,2153.5,-414.1,637.3,594,2012-12-31,701.3,107.3,,2876,327.3,1034.1,-4
AMT,2011,2011-12-31,621,400.2,1.02,920.1,1822.6,-421.3,396.5,381.8,2011-12-31,506.9,125.1,,2443.5,288.8,902.4000000000001,8.1
AMT,2010,2010-12-31,474.6,404.1,0.95,782.5,1510.7,-222,372.9,373.5,2010-12-31,556,182.5,,1985.3,229.8,728.1999999999999,-4.5
AMT,2009,2009-12-31,416.4,406.9,0.63,654.1,1307.7,-234.3,246.6,238.9,2009-12-31,421.5,182.6,,1724.1,201.7,653.6999999999999,1.8
AMT,2008,2008-12-31,389.9,418.4,0.6,601.9,1203.6,-235.9,347.2,236.4,2008-12-31,371.9,135.5,,1593.5,180.4,601.8000000000001,6
AMT,2007,2007-12-31,359.6,426.1,0.28,342.9,1097,-210.8,56.3,93,2007-12-31,152.8,59.8,,1456.6,186.5,754.1,20.7
AMT,2006,2006-12-31,343.5,436.2,0.09,256.7,973.8,-192.4,27.5,29.1,2006-12-31,70.9,41.8,,1317.4,159.3,717.2,6.6
AMT,2005,2005-12-31,256.1,302.5,-0.26,68,688.7,-203.8,-181.4,-141.3,2005-12-31,-135.6,5.7,,944.8,108.1,620.6999999999999,0.2
AMT,2004,2004-12-31,256.1,224.3,-0.6,-68.3,450.5,-243.1,-247.6,-234,2004-12-31,-314.1,-80.2,,706.7,27.5,518.8,-2.8
AMT,2003,2003-12-31,325.6,208.1,-1.03,-48,389.5,-260.4,-325.3,-239.5,2003-12-31,-317,-77.5,,715.1,26.9,437.5,-8.6
AMT,2002,2002-12-31,446.2,195.5,-1.25,-113.5,342.2,-238.2,-1141.9,-312.7,2002-12-31,-377.3,-64.6,5.9,788.4,24.3,455.7,-25.6
AMT,2001,2001-12-31,848,191.6,-2.11,-258.5,286.1,-267.9,-450.1,-449.8,2001-12-31,-566.6,-116.8,8.6,1134.2,26.5,544.7,-40.1
AMT,2000,2000-12-31,524.1,168.7,-1.13,-101.6,211.2,-144.2,-194.6,-190.1,2000-12-31,-249.7,-59.7,14.5,735.3,15,312.79999999999995,-4
AMT,1999,1999-12-31,155.9,149.7,-0.33,-41.1,102.2,-25.6,-50.7,-49.2,1999-12-31,-49,0.2,1.6,258.1,9.1,143.20000000000002,17.7
AMT,1998,1998-12-31,61.8,79.8,-0.37,-28.1,41.8,-23.2,-46.8,-37.7,1998-12-31,-42.2,-4.5,,103.5,5.1,69.89999999999999,9.2
AMT,1997,1997-12-31,8.7,48.7,-0.03,0.9,8.8,-3,-2.3,-1.4,1997-12-31,-1.9,-0.5,,17.5,1.5,7.900000000000002,0.2
AMT,1996,1996-12-31,1.4,48.7,-0.01,-0.4,1.5,0,-0.6,-0.4,1996-12-31,-0.3,0,,2.8,0.8,1.8000000000000003,0
AMT,1995,1995-12-31,0.1,48.7,0,-0.2,0.1,,-0.1,-0.1,1995-12-31,-0.2,-0.1,,0.2,0.2,0.19999999999999998,
AWK,2019,2019-12-31,,181,3.58745,1166,,-382,621,621,2019-12-31,833,212,,3610,,2444,49
AWK,2018,2018-12-31,,180,3.38367,1098,,-350,567,577,2018-12-31,787,210,,3440,,2342,39
AWK,2017,2017-12-31,,179,3.04784,1246,,-342,426,551,2017-12-31,912,361,,3357,,2111,8
AWK,2016,2016-12-31,,179,2.58057,1085,,-325,468,468,2016-12-31,770,302,,3302,,2217,10
AWK,2015,2015-12-31,,180,2.6343,1075,,-308,476,476,2015-12-31,782,306,,3159,,2084,15
AWK,2014,2014-12-31,1349.864,179.806,2.38374,1002.576,,-282.54,423.108,429.841,2014-12-31,709.814,279.973,,3011.328,,658.8879999999999,-10.222
AWK,2013,2013-12-31,1312.7,179.1,2.2,905.3,,-289.1,369.3,369.3,2013-12-31,605.5,236.2,,2901.9,,683.8999999999999,-10.6
AWK,2012,2012-12-31,1350,177.7,2.1,925,,-287.6,358.1,374.3,2012-12-31,631.3,257,,2876.9,,601.9000000000001,-6.1
AWK,2011,2011-12-31,1301.8,176.5,1.72,803.1,,-293.6,309.6,304.9,2011-12-31,503.7,198.8,,2666.2,,561.3,-5.9
AWK,2010,2010-12-31,1389.2,175.1,1.53,748.1,,-299,267.8,267.8,2010-12-31,449.4,181.6,,2710.7,,573.3999999999999,0.3
AWK,2009,2009-12-31,1324.4,168.2,1.24,173.6,,-278.1,-233.1,-233.1,2009-12-31,-111.7,121.4,,2440.7,,942.6999999999998,-7.2
AWK,2008,2008-12-31,1303.8,160,-0.47,-186.9,,-262.7,-562.4,-562.4,2008-12-31,-450.6,111.8,,2336.9,,1220.0000000000002,-1
AWK,2007,2007-12-31,1246.5,160,-0.1,15.1,,-272.2,-342.8,-342.3,2007-12-31,-255.5,86.8,,2214.2,,952.5999999999999,1.5
AWK,2006,2006-12-31,1174.5,160,-0.07,252.5,,-357.6,-162.2,-155.9,2006-12-31,-108.9,46.9,,2093.1,,666.0999999999999,-3.9
AWK,2005,2005-12-31,1201.6,160,-0.18,111.6,,-337.3,-325,-275.1,2005-12-31,-224.2,51,,2136.7,,823.6000000000001,1.5
AWK,2004,2004-12-31,1122,160,0.58,430.4,,-308,-64.9,59.1,2004-12-31,125.4,66.3,,2017.9,,465.5,3
AWK,2003,2003-12-31,1089.1,160,0.23,439.2,,-280.5,42.1,42.1,2003-12-31,102.4,60.3,,1890.3,,362,-56.3
AWK,2002,2002-12-31,99.6,160,-0.25,-128.1,,-26.7,-158.4,-158.4,2002-12-31,-149.5,8.9,,198.8,,227.4,5.3
AMP,2019,2019-12-31,7191,136,16.3824,2446,5699,-214,1893,1893,2019-12-31,2232,339,,12890,3279,3253,
AMP,2018,2018-12-31,6702,147.7,14.56674,2729,6222,-245,2098,2095,2018-12-31,2484,389,,12924,3171,3493,
AMP,2017,2017-12-31,6334,156.7,12.46107,2421,5846,-207,1480,1766,2017-12-31,2214,448,,12180,3158,3425,
AMP,2016,2016-12-31,6508,168.2,8.69916,1832,5331,-241,1313,1313,2016-12-31,1591,278,,11839,3084,3499,
AMP,2015,2015-12-31,6235,184.2,9.12554,2529,5965,-387,1562,1687,2015-12-31,2142,455,,12200,3082,3436,
AMP,2014,2014-12-31,5959,195,8.6,2875,6337,-328,1619,2002,2014-12-31,2547,545,,12296,3095,3462,367
AMP,2013,2013-12-31,5827,207,6.9,2251,5403,-281,1334,1478,2013-12-31,1970,492,,11230,2945,3152,207
AMP,2012,2012-12-31,5417,223,5.34,1514,4842,-276,1029,903,2012-12-31,1238,335,,10259,3042,3328,286
AMP,2011,2011-12-31,4954,246,4.88,1702,5285,-317,1076,1030,2011-12-31,1385,355,,10239,2965,3583,618
AMP,2010,2010-12-31,5167,262,4.18,1884,4879,-290,1097,1260,2010-12-31,1594,334,,10046,2868,2995,127
AMP,2009,2009-12-31,4168,244,3.28,1047,3778,-127,722,737,2009-12-31,920,183,,7946,2416,2731,217
AMP,2008,2008-12-31,4042,222,0,-262,3107,-109,-38,-38,2008-12-31,-371,-333,,7149,2376,3369,933
AMP,2007,2007-12-31,4436,240,4.18,1128,4473,-112,814,814,2007-12-31,1016,202,,8909,2558,3345,551
AMP,2006,2006-12-31,5307,249,3.69,913,2833,-116,631,631,2006-12-31,797,166,,8140,1174,1920,320
AMP,2005,2005-12-31,4840,247,3.15,818,2644,-73,574,558,2005-12-31,745,187,,7484,931,1826,602
AMP,2004,2004-12-31,4468,253,3.42,1225,2777,-52,794,865,2004-12-31,1173,308,,7245,892,1552,660
AMP,2003,2003-12-31,4017,253,2.92,986,2344,-45,725,738,2003-12-31,941,203,,6361,688,1358,670
AMP,2002,2002-12-31,3619,253,2.66,957,2174,-32,674,674,2002-12-31,925,251,,5793,,1217,564
ABC,2019,2019-09-30,174596.681,211.84,6.87287,1111.923,4992.44,-144.069,855.365,817.135,2019-09-30,967.106,149.971,,179589.121,2663.508,3880.5169999999925,-0.748
ABC,2018,2018-09-30,163291.38,220.336,5.91785,1419.919,4648.255,-217.027,1658.405,1003.292,2018-09-30,1177.423,174.131,,167939.635,2460.301,3228.335999999981,-25.469
ABC,2017,2017-09-30,148599.224,221.602,4.45455,1060.342,4544.602,-145.185,364.484,364.484,2017-09-30,917.887,553.403,,153143.826,2128.73,3484.2600000000093,2.73
ABC,2016,2016-09-30,142710.88,225.959,6.36751,1525.774,4138.806,-139.912,1427.929,1427.929,2016-09-30,1390.91,-37.019,,146849.686,2231.579,2613.0320000000065,5.048
ABC,2015,2015-09-30,132497.99,217.786,-0.62541,391.598,3463.813,-109.036,-138.165,-138.165,2015-09-30,268.964,407.129,,135961.803,2820.564,3072.2149999999965,-13.598
ABC,2014,2014-09-30,116611,235,1.24,746,2958,-77,276,284,2014-09-30,673,389,,119569,2010,2212,4
ABC,2013,2013-09-30,85428,235,2.21,898,2531,-74,434,493,2013-09-30,824,331,,87959,1424,1633,0
ABC,2012,2012-09-30,76820,257,2.83,1253,2669,-95,719,708,2012-09-30,1163,455,,79490,1229,1417,6
ABC,2011,2011-09-30,77678,278,2.61,1203,2539,-77,707,707,2011-09-30,1131,424,,80218,1198,1337,5
ABC,2010,2010-09-30,75597,287,2.17,1104,2357,-72,637,637,2010-09-30,1028,391,,77954,1168,1253,-3
ABC,2009,2009-09-30,69660,303,1.73,884,2100,-58,503,512,2009-09-30,824,312,,71760,1120,1216,-1
ABC,2008,2008-09-30,68143,325,1.47,828,2047,-64,251,469,2008-09-30,761,292,,70190,1125,1219,-2
ABC,2007,2007-09-30,63748,376,1.32,820,2327,-32,469,494,2007-09-30,785,291,,66074,1413,1506,-3
ABC,2006,2006-09-30,58971,415,1.16,749,2232,-12,468,468,2006-09-30,741,273,,61203,1377,1483,4
ABC,2005,2005-09-30,52597,431,0.89,525,1980,-57,265,292,2005-09-30,469,177,,54577,1234,1455,1
ABC,2004,2004-09-30,51000,471,1.06,867,2179,-106,468,468,2004-09-30,760,292,,53179,1205,1312,
ABC,2003,2003-09-30,47410,464,0.99,879,2247,-153,441,441,2003-09-30,726,285,,49657,1284,1368,
ABC,2002,2002-09-30,43210,449,0.82,718,2024,-146,345,345,2002-09-30,572,227,,45235,1221,1306,
ABC,2001,2001-09-30,15491,251,0.58,259,700,-57,125,125,2001-09-30,203,78,,16191,398,441,
ABC,2000,2000-09-30,11125,208,0.47,202,520,-42,99,99,2000-09-30,160,61,,11645,302,318,
ABC,1999,1999-09-30,9334,207,0.39,159,473,-40,67,71,1999-09-30,119,48,,9807,282,314,
ABC,1998,1998-09-30,8247,194,0.34,125,421,-42,51,51,1998-09-30,83,32,,8669,255,297,
ABC,1997,1997-09-30,7553,192,0.28,120,387,-42,45,47,1997-09-30,78,31,,7941,244,268,
ABC,1996,1996-09-30,5360,183,0.23,98,302,-36,35,43,1996-09-30,62,19,,5663,195,205,
ABC,1995,1995-09-30,4403,147,0.19,98,266,-52,10,28,1995-09-30,46,17,,4669,161,168,
ABC,1994,1994-09-30,3947,118,-0.45,-102,235,-63,-208,-172,1994-09-30,-165,8,,4182,142,337,
ABC,1993,1993-09-30,3449,118,-0.05,66,209,-67,-19,-7,1993-09-30,-1,6,,3659,130,144,
ABC,1992,1992-09-30,3130,118,-0.1,61,200,-71,-6,-13,1992-09-30,-10,3,,3330,131,139,
ABC,1991,1991-09-30,2648,118,-0.13,46,179,-72,-23,-23,1991-09-30,-26,-3,,2827,116,133,
ABC,1990,1990-09-30,2402,118,-0.21,37,162,-74,-29,-29,1990-09-30,-36,-7,,2564,114,125,
AME,2019,2019-12-31,3208.997,229.395,3.75465,1177.38,1949.56,-88.481,861.297,861.297,2019-12-31,1069.748,208.451,161.9,5158.557,610.28,772.1800000000003,-19.151
AME,2018,2018-12-31,3045.31,232.712,3.29219,1075.54,1800.562,-82.18,777.933,766.133,2018-12-31,987.745,221.612,141,4845.872,584.022,725.0219999999999,-5.615
AME,2017,2017-12-31,2721.031,231.845,2.54424,915.094,1579.139,-98.029,681.47,589.87,2017-12-31,796.729,206.859,130.4,4300.17,533.645,664.0450000000001,-20.336
AME,2016,2016-12-31,2463.22,233.73,2.19124,801.897,1376.867,-94.304,512.158,512.158,2016-12-31,693.103,180.945,112,3840.087,462.97,574.9700000000003,-14.49
AME,2015,2015-12-31,2549.28,241.586,2.44575,907.716,1425.015,-91.795,590.859,590.859,2015-12-31,806.38,215.521,,3974.295,448.592,517.299,-9.541
AME,2014,2014-12-31,2597,247.1,2.37,898.6,1424.9,-79.9,584.5,584.5,2014-12-31,804.8,220.4,,4022,462.6,526.4000000000001,-13.8
AME,2013,2013-12-31,2323.6,246.1,2.1,815.1,1270.5,-73.6,517,517,2013-12-31,724.8,207.8,,3594.1,398.2,455.5,-16.7
AME,2012,2012-12-31,2154.1,244,1.88,745.9,1180.1,-75.5,459.1,459.1,2012-12-31,662.5,203.3,,3334.2,380.5,434.2000000000003,-7.9
AME,2011,2011-12-31,1955.8,243.2,1.58,635.9,1034.1,-68.9,384.5,384.5,2011-12-31,556.6,172.2,,2989.9,349.3,398.20000000000005,-10.4
AME,2010,2010-12-31,1646.9,241.3,1.18,482.2,824.1,-66.4,283.9,283.9,2010-12-31,406.3,122.3,,2471,296.5,341.89999999999986,-9.5
AME,2009,2009-12-31,1436,242.7,0.85,366.1,662.4,-67.9,205.8,205.8,2009-12-31,294.6,88.9,,2098.4,254.1,296.29999999999995,-3.6
AME,2008,2008-12-31,1730.1,241.7,1.13,432.7,801,-59.8,247,247,2008-12-31,366.2,119.3,,2531.1,322.6,368.4000000000001,-6.7
AME,2007,2007-12-31,1444.5,242.1,0.94,386.6,692.3,-46.9,228,228,2007-12-31,336.4,108.4,,2136.9,263.5,305.79999999999995,-3.3
AME,2006,2006-12-31,1251.9,239.9,0.76,309,567.4,-42.2,181.9,181.9,2006-12-31,263.7,81.8,,1819.3,219.5,258.39999999999986,-3.1
AME,2005,2005-12-31,988.5,238.6,0.59,239.4,445.9,-32.9,140.6,140.6,2005-12-31,204.2,63.6,,1434.5,171.6,206.5,-2.3
AME,2004,2004-12-31,863.8,233.7,0.48,196.2,368.5,-28.3,112.7,112.7,2004-12-31,165.8,53.1,,1232.3,135.5,172.29999999999995,-2.1
AME,2003,2003-12-31,785.4,228.2,0.38,156.8,306.2,-26,87.8,87.8,2003-12-31,130.1,42.3,,1091.6,115.2,149.5,-0.7
AME,2002,2002-12-31,754.6,227,0.37,148.7,286,-25.2,83.7,83.7,2002-12-31,122.9,39.2,,1040.5,104.8,137.29999999999995,-0.6
AME,2001,2001-12-31,777.9,225.8,0.29,109.6,241.4,-27.9,66.1,66.1,2001-12-31,84.4,18.3,,1019.3,98.7,131.80000000000007,2.7
AME,2000,2000-12-31,761.5,219.6,0.31,135.9,263.1,-29.2,68.5,68.5,2000-12-31,106.1,37.6,,1024.7,95.1,127.29999999999995,-0.5
AME,1999,1999-12-31,696,222.2,0.27,118.8,228.8,-24.8,60.8,60.8,1999-12-31,94.5,33.7,,924.8,79.4,110,0.4
AME,1998,1998-12-31,711,227.8,0.24,96.4,216.5,-23.7,41.7,50.4,1998-12-31,77.4,26.9,,927.5,82.1,120,4.6
AME,1997,1997-12-31,661.6,228.7,0.22,92,186.2,-18.2,50.4,50.3,1997-12-31,78.2,27.9,,847.8,67.1,94.19999999999993,4.4
AME,1996,1996-12-31,669.8,224.8,0.23,95.1,198.9,-19.1,51.2,51.2,1996-12-31,78.7,27.5,,868.7,76.1,103.80000000000007,2.7
AME,1995,1995-12-31,647,225.9,0.19,89.3,190.5,-20.2,55,43.8,1995-12-31,69.3,25.5,0,837.5,74.8,101.20000000000005,0.1
AME,1994,1994-12-31,619.4,250.8,0.16,79.3,188.6,-21.6,31,39,1994-12-31,61.8,22.8,0,808,79.2,109.20000000000005,4.1
AME,1993,1993-12-31,582,296.6,-0.02,0.1,150.2,-17.6,-7.3,-7.3,1993-12-31,-11.2,-3.9,45.1,732.2,76.8,150.10000000000002,6.3
AME,1992,1992-12-31,583.4,297.6,0.15,79.1,186.2,-19.7,44.4,44.4,1992-12-31,66.7,22.4,0,769.6,77.7,107,7.3
AME,1991,1991-12-31,546.5,296.2,0.13,66.3,168.6,-22.1,38,38,1991-12-31,52.4,14.4,0,715.1,74,102.29999999999995,8.2
AME,1990,1990-12-31,498.7,297.7,0.13,68.4,162,-20.8,37.3,37.3,1990-12-31,56.7,19.3,0,660.7,69.6,93.69999999999999,9.1
AME,1989,1989-12-31,444,298.4,0.13,60.2,143.8,-15.2,38.3,38.3,1989-12-31,60.7,22.4,0,587.8,66.1,83.60000000000002,15.7
AME,1988,1988-12-31,388,296.9,0.12,53.6,132.5,-13,30.6,35.1,1988-12-31,55.8,20.7,0,520.5,63.6,78.89999999999998,15.1
AME,1987,1987-12-31,464.5,296.9,0.14,65.9,155.6,-13.9,41.2,41.2,1987-12-31,65.3,24.1,,620.1,71.3,89.70000000000005,13.3
AME,1986,1986-12-31,436.6,296.8,0.12,43,131.9,-7.8,36.6,36.6,1986-12-31,54.5,17.9,,568.5,68.7,88.89999999999998,19.3
AME,1985,1985-12-31,370.1,296.6,0.12,56.7,132.7,-4.3,34.9,34.9,1985-12-31,61.8,26.8,0,502.8,61.4,76,9.4
AME,1984,1984-12-31,370.1,294.5,0.14,61.8,133.8,-4.4,42.7,42.7,1984-12-31,69.7,27,0,503.9,57.5,72,12.2
AME,1983,1983-12-31,332.7,293.5,0.11,53.7,115.4,-4.6,37.8,32.1,1983-12-31,58.2,26.1,0,448.2,48.1,61.69999999999999,9.1
AMGN,2019,2019-12-31,4356,609,12.94308,9674,19006,-536,7842,7842,2019-12-31,9138,1296,4116,23362,5150,9332,
AMGN,2018,2018-12-31,4101,665,13.0087,10343,19646,-798,8394,8394,2018-12-31,9545,1151,3737,23747,5332,9303,
AMGN,2017,2017-12-31,4069,735,11.41218,9973,18780,-376,1979,8079,2017-12-31,9597,1518,3562,22849,4870,8807,
AMGN,2016,2016-12-31,4162,754,10.23467,9794,18829,-631,7722,7722,2016-12-31,9163,1441,3840,22991,5062,9035,
AMGN,2015,2015-12-31,4227,766,9.13215,8470,17435,-492,6939,6939,2015-12-31,7978,1039,4070,21662,4846,8965,
AMGN,2014,2014-12-31,4422,770,7.15,6191,15641,-606,5158,5158,2014-12-31,5585,427,4297,20063,4699,9450,77
AMGN,2013,2013-12-31,3346,765,7.02,5867,15330,-602,5081,5081,2013-12-31,5265,184,4083,18676,4969,9463,113
AMGN,2012,2012-12-31,2907,787,5.97,5577,14358,-568,4345,4345,2012-12-31,5009,664,3330,17265,3178,8781,56
AMGN,2011,2011-12-31,2420,912,5.06,4312,13162,-162,3683,3683,2011-12-31,4150,467,3139,15582,3119,8850,7
AMGN,2010,2010-12-31,2220,965,5.07,5545,12833,-228,4627,4627,2010-12-31,5317,690,2894,15053,2680,7288,-1
AMGN,2009,2009-12-31,2091,1021,4.69,5506,12551,-302,4605,4605,2009-12-31,5204,599,2864,14642,2579,7045,9
AMGN,2008,2008-12-31,2296,1075,4.19,5214,12707,36,4196,4196,2008-12-31,5250,1054,3030,15003,3861,7493,
AMGN,2007,2007-12-31,2548,1123,3.86,3980,12223,-19,3166,3166,2007-12-31,3961,795,3266,14771,3412,8243,
AMGN,2006,2006-12-31,2095,1190,3.51,3840,12173,180,2950,2950,2006-12-31,4020,1070,3366,14268,3427,8333,
AMGN,2005,2005-12-31,2082,1258,2.95,4848,10348,20,3674,3674,2005-12-31,4868,1194,2314,12430,2848,5500,
AMGN,2004,2004-12-31,1731,1320,2.23,3348,8819,47,2363,2363,2004-12-31,3395,1032,2028,10550,2581,5471,0
AMGN,2003,2003-12-31,1341,1346,1.69,3091,7015,82,2260,2260,2003-12-31,3173,914,1655,8356,1953,3924,-24
AMGN,2002,2002-12-31,736,1154,1.39,-785,4787,100,-1392,-1392,2002-12-31,-685,707,1117,5523,1462,5572,-141
AMGN,2001,2001-12-31,443,1084,1.03,1531,3573,155,1120,1120,2001-12-31,1686,567,865,4016,971,2042,203
AMGN,2000,2000-12-31,408,1085,1.08,1544,3221,130,1139,1139,2000-12-31,1674,536,845,3629,827,1677,-49
AMGN,1999,1999-12-31,402,1078,1.02,1493,2938,73,1096,1096,1999-12-31,1566,470,823,3340,654,1445,-49
AMGN,1998,1998-12-31,345,1057,0.82,1189,2373,36,863,863,1998-12-31,1224,361,663,2718,515,1185,-23
AMGN,1997,1997-12-31,301,1099,0.59,793,2100,69,644,644,1997-12-31,861,217,631,2401,484,1308,157
AMGN,1996,1996-12-31,283,1124,0.61,905,1957,57,680,680,1996-12-31,962,283,528,2240,471,1052,0
AMGN,1995,1995-12-31,273,1141,0.47,744,1667,51,538,538,1995-12-31,794,257,452,1940,418,923,0
AMGN,1994,1994-12-31,238,1129,0.39,579,1410,9,320,320,1994-12-31,588,269,324,1648,360,831,0
AMGN,1993,1993-12-31,220,1155,0.32,584,1154,8,383,375,1993-12-31,592,218,255,1374,328,570,-14
AMGN,1992,1992-12-31,185,1182,0.3,511,908,52,358,358,1992-12-31,563,206,182,1093,292,397,-77
AMGN,1991,1991-12-31,113,1188,0.08,117,569,41,98,98,1991-12-31,158,60,121,682,203,452,129
AMGN,1990,1990-12-31,61,1058,0.04,10,238,15,4,4,1990-12-31,24,20,72,299,101,228,0
AMGN,1989,1989-12-31,17,819,0,10,130,2,4,4,1989-12-31,11,7,63,148,58,121,0
AMGN,1988,1989-03-31,1,807,-0.01,-5,70,-2,-8,-8,1989-03-31,-7,1,51,70,23,74,0
AMGN,1987,1988-03-31,0,832,0,-6,44,8,2,2,1988-03-31,2,0,39,44,10,50,0
AMGN,1986,1987-03-31,,717,0,2,,0,1,1,1987-03-31,2,1,24,35,7,33,
AMGN,1985,1986-03-31,0,559,0,-1,21,2,1,1,1986-03-31,1,0,17,21,5,22,0
AMGN,1984,1985-03-31,0,518,-0.01,-10,7,2,-8,-8,1985-03-31,-8,0,14,7,3,17,0
AMGN,1983,1984-03-31,0,431,-0.01,-8,3,3,-5,-5,1984-03-31,-5,0,9,3,2,11,0
AMGN,1982,1983-03-31,0,111,-0.06,-8,0,1,-7,-7,1983-03-31,-7,0,7,0,1,9,0
APH,2019,2019-12-31,5609.4,307.9,3.85155,1604.9,2616,-117.6,1155,1164,2019-12-31,1495.9,331.9,,8225.4,971.4,1011.1000000000004,8.6
APH,2018,2018-12-31,5547.1,312.6,4.1554,1686.9,2654.9,-101.7,1205,1303.9,2018-12-31,1588.4,284.5,,8202,959.5,968,3.2
APH,2017,2017-12-31,4701.4,316.5,3.32427,1427.6,2309.9,-72.1,650.5,1059.2,2017-12-31,1352.4,293.2,,7011.3,878.3,882.3000000000002,-3.1
APH,2016,2016-12-31,4246.4,315.2,2.69545,1205.2,2040,-61.1,822.9,832.6,2016-12-31,1141.1,308.5,,6286.4,798.2,834.8000000000002,-3
APH,2015,2015-12-31,3789.2,316.5,2.42553,1104.7,1779.5,-49.9,763.5,772.3,2015-12-31,1052.8,280.5,,5568.7,669.1,674.8000000000002,-2
APH,2014,2014-12-31,3651.7,320.4,2.25,1034.6,1693.8,-60.2,709.1,715.2,2014-12-31,972.5,257.3,,5345.5,645.1,659.1999999999998,-1.9
APH,2013,2013-12-31,3163.8,324.5,1.97,896.8,1450.8,-48.6,635.7,638.7,2013-12-31,846.6,207.9,,4614.7,548,554.0999999999999,-1.6
APH,2012,2012-12-31,2948.9,327.9,1.7,828.3,1343.2,-59.6,555.3,559.5,2012-12-31,778.8,219.3,,4292.1,512.9,514.7999999999997,10.1
APH,2011,2011-12-31,2696.1,343.7,1.53,751.7,1243.7,-32.8,532.3,536.9,2011-12-31,724.9,187.9,,3939.8,486.3,492,6
APH,2010,2010-12-31,2395.9,352.7,1.41,700.4,1158.2,-35.7,496.4,502.4,2010-12-31,663.7,161.3,,3554.1,457.9,457.7999999999997,-1
APH,2009,2009-12-31,1933.5,347.9,0.92,484.3,886.6,-34.4,317.8,327.2,2009-12-31,446.5,119.3,,2820.1,397.6,402.1999999999998,-3.4
APH,2008,2008-12-31,2187.3,357.6,1.17,632.2,1049.2,-45.4,419.2,419.2,2008-12-31,582.2,163,,3236.5,416.9,416.89999999999964,-4.7
APH,2007,2007-12-31,1920.9,365,0.97,552.9,930.1,-44.7,353.2,353.2,2007-12-31,501,147.8,,2851,377.3,377.2999999999997,-7.2
APH,2006,2006-12-31,1683.3,366.7,0.74,424.6,788.2,-44.1,255.7,255.7,2006-12-31,373.3,117.6,,2471.4,342.8,363.5,-7.2
APH,2005,2005-12-31,1162,361.9,0.57,343.3,646.1,-27.8,206.3,206.3,2005-12-31,308,101.6,,1808.1,252.2,302.79999999999995,-7.5
APH,2004,2004-12-31,1000,358.9,0.45,276.6,530.5,-26.2,163.3,163.3,2004-12-31,247.4,84.1,,1530.4,215,253.79999999999995,-3
APH,2003,2003-12-31,820.7,352.5,0.31,194.1,418.8,-33.2,104,104,2003-12-31,157.6,53.6,,1239.5,177.4,224.79999999999995,-3.3
APH,2002,2002-12-31,700.3,347.6,0.23,173.9,361.7,-50.4,80.3,80.3,2002-12-31,122.7,42.3,,1062,152.9,187.80000000000007,-0.9
APH,2001,2001-12-31,704.3,344,0.29,197,399.5,-56.5,83.7,83.7,2001-12-31,135.4,51.6,,1103.8,155.8,202.4000000000001,-5.2
APH,2000,2000-12-31,886.4,343,0.35,244.4,473.3,-63.8,107.9,107.9,2000-12-31,173.2,65.3,,1359.7,186.1,228.89999999999998,-7.4
APH,1999,1999-12-31,664,293.3,0.18,152.1,346.6,-80.5,35.6,35.6,1999-12-31,67.5,31.9,,1010.6,145.9,194.5,-4.1
APH,1998,1998-12-31,601.9,287.1,0.17,149.7,316.9,-80.5,36.5,36.5,1998-12-31,64,27.5,,918.9,132,167.30000000000007,-5.3
APH,1997,1997-12-31,572.1,448,0.11,128.4,312.3,-64.2,26.7,26.7,1997-12-31,62.6,35.9,,884.3,125.1,183.79999999999995,-5.5
APH,1996,1996-12-31,494.7,747.5,0.11,138,281.5,-23.7,67.6,67.6,1996-12-31,109.7,42.1,,776.2,114.7,143.50000000000006,-4.5
APH,1995,1995-12-31,506.7,758.6,0.1,134.7,276.5,-25.7,62.9,62.9,1995-12-31,104.6,41.8,,783.2,114,141.8,-4.6
APH,1994,1994-12-31,458.3,745.8,0.06,100,234.3,-30.4,38.3,38.3,1994-12-31,65.4,27.1,,692.7,102.2,134.40000000000003,-4.2
APH,1993,1993-12-31,404.7,685.1,0.04,81.3,199.3,-41.2,24.7,24.7,1993-12-31,38.1,13.3,,604,89.4,118.00000000000006,-2
APH,1992,1992-12-31,313.3,527.7,0.02,43.2,144.4,-29.3,8.6,8.6,1992-12-31,11.4,2.7,,457.7,75.1,101.19999999999999,-2.5
APH,1991,1991-12-31,326.9,270.6,-0.02,52.9,162.2,-59.6,-12.2,-6.5,1991-12-31,-3.5,3,,489.1,79.5,109.30000000000001,3.2
APH,1990,1990-12-31,337.5,236.4,0,48.3,159.2,-64.5,-11.8,-11.8,1990-12-31,-11.5,0.3,,496.7,80,110.89999999999998,4.8
APH,1989,1989-12-31,321.6,236.6,-0.01,47.7,148.7,-63.5,-14,-14,1989-12-31,-11,3,,470.3,72,101,4.7
ADI,2019,2019-11-02,1977.315,372.871,3.88215,1710.608,4013.75,-218.846,1363.011,1363.011,2019-11-02,1485.728,122.717,1130.348,5991.065,648.094,2303.1420000000003,-6.034
ADI,2018,2018-11-03,1974.293,374.938,4.30176,1899.589,4250.396,-244.206,1506.98,1560.98,2018-11-03,1655.314,94.334,1165.047,6224.689,695.54,2350.8070000000007,-0.069
ADI,2017,2017-10-28,2078.113,350.484,2.4131,1162.761,3168.241,-220.507,805.379,805.379,2017-10-28,934.747,129.368,968.133,5246.354,690.533,2005.48,-7.507
ADI,2016,2016-10-29,1194.236,312.308,2.81577,1022.112,2227.173,-67.536,861.664,861.664,2016-10-29,956.921,95.257,653.816,3421.409,461.438,1205.061,2.345
ADI,2015,2015-10-31,1175.83,316.872,2.19924,830.841,2259.262,-18.405,696.878,696.878,2015-10-31,810.114,113.236,637.459,3435.092,478.972,1428.4210000000003,-2.322
ADI,2014,2014-11-01,1034.6,318,2.08,752.5,1830.2,-22.6,629.3,629.3,2014-11-01,729.3,100,559.7,2864.8,454.7,1077.7000000000003,-0.5
ADI,2013,2013-11-02,941.3,314,2.22,753.1,1692.4,-14.3,673.5,673.5,2013-11-02,815.3,141.8,513.3,2633.7,396.2,939.3,76.6
ADI,2012,2012-11-03,960.1,306.2,2.15,824,1741,-12,651.2,651.2,2012-11-03,813.5,162.3,512,2701.1,396.5,916.9999999999999,1.5
ADI,2011,2011-10-29,1006.8,308.2,2.8,1072,1986.5,-10.1,867.4,860.9,2011-10-29,1061.4,200.6,505.6,2993.3,406.7,914.5,-0.5
ADI,2010,2010-10-30,962.1,305.9,2.37,900.1,1799.4,-0.6,712.1,711.2,2010-10-30,901.7,190.4,492.3,2761.5,390.6,899.3000000000001,2.2
ADI,2009,2009-10-31,896.3,292.7,1,284.8,1118.6,11.5,247.8,247.4,2009-10-31,297.4,50,447,2014.9,333.2,833.8,1.1
ADI,2008,2008-11-01,1005.7,297.1,1.78,625,1577.3,41,786.3,525.2,2008-11-01,666.1,140.9,533.5,2582.9,415.7,952.2,0
ADI,2007,2007-11-03,1026.9,332.3,1.6,566.2,1519.2,77,496.9,500.5,2007-11-03,658.9,158.4,519.3,2546.1,393.2,953,15.7
ADI,2006,2006-10-28,1067,371,1.54,551.8,1506.1,100.1,549.5,548.7,2006-10-28,662.4,113.7,536.7,2573.2,394.1,954.4000000000001,10.5
ADI,2005,2005-10-29,1006,383.5,1.14,516,1382.8,71.7,414.8,414.8,2005-10-29,587.7,172.9,497.1,2388.8,338.3,866.8,0
ADI,2004,2004-10-30,1080,392.9,1.45,699.3,1553.8,35.8,570.7,570.7,2004-10-30,732.7,162,511.7,2633.8,340,854.5,-2.4
ADI,2003,2003-11-01,923.2,382.2,0.8,373.7,1124.1,9,298.3,298.3,2003-11-01,381.8,83.6,450.2,2047.3,288,750.3999999999999,-0.8
ADI,2002,2002-11-02,803,381.2,0.51,118.2,904.5,20.4,105.3,105.3,2002-11-02,140.4,35.1,423.9,1707.5,257.1,786.3,1.7
ADI,2001,2001-11-03,1008.1,382,1.17,407.7,1268.8,70.2,356.4,356.4,2001-11-03,507.2,150.9,464.7,2276.9,287.1,861.1,29.4
ADI,2000,2000-10-28,1116.5,381.2,1.63,767.1,1461,57.6,607.1,607.1,2000-10-28,865.7,258.6,400.6,2577.5,293.4,694,41
ADI,1999,1999-10-30,735.6,362.9,0.57,242.9,714.7,17.5,196.8,196.8,1999-10-30,257.5,60.7,257,1450.4,209.6,471.9,-2.9
ADI,1998,1998-10-31,642.1,355.8,0.37,157.7,588.5,-4.2,82.4,119.5,1998-10-31,150.5,31,219.4,1230.6,207.5,430.69999999999993,-3.1
ADI,1997,1997-11-01,622.5,354.6,0.52,233.2,621,3.9,178.2,178.2,1997-11-01,235.9,57.7,196.1,1243.5,191.6,387.79999999999995,-1.2
ADI,1996,1996-11-02,592.9,342.8,0.52,227.2,600.9,5.1,171.9,171.9,1996-11-02,230.7,58.8,177.8,1193.8,195.8,373.70000000000005,-1.6
ADI,1995,1995-10-28,464.6,317.4,0.38,157.8,477,3.9,119.3,119.3,1995-10-28,159.4,40.2,134.3,941.5,184.9,319.19999999999993,-2.2
ADI,1994,1994-10-29,394.4,309,0.24,101.8,379,-7.1,74.5,74.5,1994-10-29,96.9,22.4,106.9,773.5,170.3,277.30000000000007,2.2
ADI,1993,1993-10-30,350.9,302.7,0.15,62.7,315.5,,44.5,44.5,1993-10-30,55.5,11.1,94.1,666.3,158.7,252.70000000000005,-7.2
ADI,1992,1992-10-31,301.7,286.4,0.05,26.2,265.6,,14.9,14.9,1992-10-31,19,4,88.2,567.3,151.3,239.40000000000003,-7.2
ADI,1991,1991-11-02,272.4,281.2,0.05,17.4,265.3,,8.2,8.2,1991-11-02,9.4,1.2,89,537.7,151.9,248,-8
ADI,1990,1990-11-03,244.3,281.6,0,6.2,241,,-12.9,-12.9,1990-11-03,-13.6,-0.7,80.3,485.2,135.9,234.7,-19.8
ADI,1989,1989-10-28,215.1,289.6,0.1,43.8,238.3,,27.9,27.9,1989-10-28,36.4,8.5,68.9,453.4,125.6,194.50000000000003,-7.4
ADI,1988,1988-10-29,200.8,286,0.13,55.4,238.4,,38,38,1988-10-29,51.6,13.6,60.5,439.2,122.5,183,-3.8
ADI,1987,1987-10-31,171.7,279.5,0.07,34.4,198.7,,18.7,18.7,1987-10-31,25.6,6.9,56,370.4,108.2,164.3,-8.9
ADI,1986,1986-11-01,151.4,276.1,0.08,40.4,183,,23.4,23.4,1986-11-01,32.1,8.7,45.3,334.4,97.4,142.70000000000002,-8.3
ADI,1985,1985-11-02,150.4,273.6,0.11,46.6,172,,29.7,29.7,1985-11-02,39.1,9.4,38.1,322.4,87.3,125.4,-7.5
ADI,1984,1984-11-03,134.1,270.8,0.14,56.9,179.4,,37.4,37.4,1984-11-03,54.9,17.6,28.5,313.4,94,122.4,-2
ADI,1983,1983-10-29,99,253,0.07,32.6,115.1,,18.4,18.4,1983-10-29,27.1,8.7,19.6,214,62.9,82.4,-5.5
ANSS,2019,2019-12-31,166.273,85.925,5.23125,515.04,1349.619,7.158,451.295,449.495,2019-12-31,522.583,73.088,298.21,1515.892,521.2,834.579,0.385
ANSS,2018,2018-12-31,155.885,85.913,4.89187,476.574,1137.751,10.506,419.375,420.275,2018-12-31,487.085,66.81,233.802,1293.636,413.58,661.177,0.005
ANSS,2017,2017-12-31,150.164,86.854,3.26283,390.728,945.086,6.876,259.251,275.251,2017-12-31,395.694,120.443,202.746,1095.25,338.64,554.3580000000001,-1.91
ANSS,2016,2016-12-31,146.86,88.969,3.01241,376.242,841.605,4.065,265.636,265.636,2016-12-31,380.315,114.679,183.093,988.465,269.515,465.36299999999994,0.008
ANSS,2015,2015-12-31,147.246,91.502,2.75973,353.679,795.507,2.99,252.521,252.521,2015-12-31,356.765,104.244,168.831,942.753,253.603,441.828,0.096
ANSS,2014,2014-12-31,153.386,94.194,2.70389,347.45,782.635,1.353,254.69,254.69,2014-12-31,348.139,93.449,165.421,936.021,246.376,435.18500000000006,-0.664
ANSS,2013,2013-12-31,146.7,95.1,2.58,321.9,714.6,1.7,245.3,245.3,2013-12-31,322.5,77.2,151.4,861.3,218.9,392.7,-1
ANSS,2012,2012-12-31,139.5,95,2.15,294.3,658.5,0.7,203.5,203.5,2012-12-31,293.5,90.1,132.6,798,204.3,364.3,-1.4
ANSS,2011,2011-12-31,119,94.4,1.91,265.6,572.4,-0.3,180.7,180.7,2011-12-31,264.9,84.2,108.5,691.4,180.4,306.9,-0.4
ANSS,2010,2010-12-31,100.9,93.2,1.64,219.3,479.4,-2.6,153.1,153.1,2010-12-31,216.4,63.3,89,580.2,155.1,260.1,-0.3
ANSS,2009,2009-12-31,97.2,91.8,1.3,183.5,419.6,-8.7,116.4,116.4,2009-12-31,173.5,57.1,79.9,516.9,137.3,236.2,-1.3
ANSS,2008,2008-12-31,91.4,86.8,1.29,169.7,386.9,-3.8,111.7,111.7,2008-12-31,166.7,55,71.6,478.3,134.9,217.20000000000002,0.7
ANSS,2007,2007-12-31,78,81.1,1.02,126.8,307.3,-1.9,82.4,82.4,2007-12-31,124.3,41.9,56.5,385.3,115.1,180.60000000000002,-0.6
ANSS,2006,2006-12-31,56.7,76.4,0.55,36.2,206.9,-3,14.2,14.2,2006-12-31,33.1,18.9,49.4,263.6,86.9,170.8,-0.1
ANSS,2005,2005-12-31,24,67.4,0.65,58.8,134,,43.9,43.9,2005-12-31,63.1,19.2,30.7,158,43.3,75.2,4.3
ANSS,2004,2004-12-31,21.3,66,0.52,46,113.2,,34.6,34.6,2004-12-31,47.9,13.3,26.3,134.5,39.8,67.3,1.9
ANSS,2003,2003-12-31,21.5,63.8,0.33,30.3,92,,21.3,21.3,2003-12-31,30.7,9.4,23.8,113.5,36.9,61.7,0.4
ANSS,2002,2002-12-31,13.2,62.4,0.3,27.1,77.8,,19,19,2002-12-31,27.4,8.4,19.6,91,30.3,50.7,0.3
ANSS,2001,2001-12-31,12.5,61.8,0.22,18.5,72.3,,13.7,13.7,2001-12-31,20,6.3,16.9,84.8,32.8,53.8,1.4
ANSS,2000,2000-12-31,8.7,65.1,0.25,19.6,65.8,,16.3,16.3,2000-12-31,23.2,6.8,14.5,74.5,29.5,46.2,3.6
ANSS,1999,1999-12-31,6.6,66.8,0.22,17.2,56.5,,14.8,14.8,1999-12-31,19.9,5.1,13.5,63.1,24.9,39.3,2.6
ANSS,1998,1998-12-31,6.1,66.3,0.17,15.2,50.5,0,11.3,11.3,1998-12-31,17.1,5.8,11.6,56.6,22.8,35.199999999999996,1.9
ANSS,1997,1997-12-31,5.2,66.1,0.11,10.7,45.3,0,7.4,7.4,1997-12-31,11.6,4.2,11,50.5,20.8,34.599999999999994,0.9
ANSS,1996,1996-12-31,5.4,59.6,0.02,3.7,41.7,-1.7,1.3,1.6,1996-12-31,2.6,1,9.8,47.1,17.4,38,0.6
ANSS,1995,1995-12-31,4.9,45.4,-0.04,1.4,34.7,-4,-1.6,-1.6,1995-12-31,-2.4,-0.8,8.3,39.6,14.4,33.4,0.3
ANSS,1994,1994-12-31,4.7,45.8,0,2.3,28.1,-3.2,0.3,0.3,1994-12-31,-0.7,-0.9,6.8,32.8,10.3,25.8,0.2
ANSS,1993,1993-12-31,6.1,45.8,0.18,7.6,25.5,-0.3,8.1,8.1,1993-12-31,8.1,0,6,31.6,10.9,17.9,0.8
ANSS,1992,1992-12-31,5.2,45.8,0.23,9.7,25.3,,10.5,10.5,1992-12-31,10.5,0,6.4,30.5,8.6,15.600000000000001,0.8
ANSS,1991,1991-12-31,4.5,45.8,0.26,10.9,23.4,,11.9,11.9,1991-12-31,11.9,0,3.6,27.9,8.8,12.5,1
ANTM,2019,2019-12-31,,260.3,18.61835,6731,,-746,4807,4807,2019-12-31,5985,1178,,,13364,97529,
ANTM,2018,2018-12-31,,264.2,14.19066,5821,,-753,3750,3722,2018-12-31,5068,1346,,,14020,86310,
ANTM,2017,2017-12-31,,267.8,11.02372,4702.8,,-739,3842.8,2734.5,2017-12-31,3963.8,1229.3,,,12649.6,85369.7,
ANTM,2016,2016-12-31,,268.1,9.4456,5278.4,,-723,2469.8,2469.8,2016-12-31,4555.4,2085.6,,,12557.9,79700,
ANTM,2015,2015-12-31,,272.9,9.53083,5284,,-653,2560,2560,2015-12-31,4631,2071,,,12534.8,73955.9,
ANTM,2014,2014-12-31,,286,9.22,4969,,-601,2570,2560,2014-12-31,4368,1808,,,11748,68954,
ANTM,2013,2013-12-31,,304,9.26,4443,,-603,2490,2634,2013-12-31,3840,1206,,,9953,66680,
ANTM,2012,2012-12-31,,325,8.53,4377,,-512,2656,2656,2012-12-31,3866,1210,,,8738,57372,
ANTM,2011,2011-12-31,,365,7.42,4388,,-430,2647,2647,2011-12-31,3958,1311,,,8436,56416,
ANTM,2010,2010-12-31,,416,6.98,4773,,-419,2887,2887,2010-12-31,4354,1467,,,8839,54029,
ANTM,2009,2009-12-31,,481,10.23,7850,,-447,4746,4746,2009-12-31,7403,2657,,,9659,57178,
ANTM,2008,2008-12-31,,523,4.98,3592,,-470,2491,2491,2008-12-31,3122,632,,,9021,57659,
ANTM,2007,2007-12-31,,602,5.56,5706,,-448,3345,3345,2007-12-31,5258,1913,,,8702,55429,
ANTM,2006,2006-12-31,,642,4.82,5318,,-404,3095,3095,2006-12-31,4914,1820,,,8818,51635,
ANTM,2005,2005-12-31,,626,3.94,4117,,-226,2464,2464,2005-12-31,3890,1427,,,7273,41020,
ANTM,2004,2004-12-31,,315,3.49,1586,,-142,960,960,2004-12-31,1443,483,,,3478,19230,
ANTM,2003,2003-12-31,,284,2.67,1350,,-131,774,779,2003-12-31,1219,440,,,3110,15421,
ANTM,2002,2002-12-31,,244,2.25,906,,-99,549,552,2002-12-31,808,255,,,2507,12376,
ANTM,2001,2001-12-31,,208,1.89,585,,-60,342,341,2001-12-31,525,183,,,1986,9860,
ANTM,2000,2000-12-31,,208,1.22,385,,-55,226,228,2000-12-31,330,102,,,1808,8387,
ANTM,1999,1999-12-31,,206,0.77,91,,-30,45,51,1999-12-31,61,10,,,1469,6179,
ANTM,1998,1998-12-31,,206,0.93,316,,-28,172,177,1998-12-31,288,111,,,1420,5366,
AON,2019,2019-12-31,,240.6,7.9485,2182,,-320,1532,1574,2019-12-31,1871,297,,11013,7843,8831,9
AON,2018,2018-12-31,,247,7.22248,1538,,-293,1134,1188,2018-12-31,1246,58,,10770,7985,9232,1
AON,2017,2017-12-31,,260.7,3.83736,1049,,-278,1226,780,2017-12-31,685,-95,,9998,8042,8949,-86
AON,2016,2016-12-31,,270.3,4.38076,1850,,-276,1396,1253,2016-12-31,1401,148,,9409,7279,7559,-173
AON,2015,2015-12-31,,283.8,4.03118,1669,,-240,1385,1253,2015-12-31,1428,175,,9480,7556,7811,-1
AON,2014,2014-12-31,,300,4.6,1990,,-230,1397,1431,2014-12-31,1765,334,,12045,10079,10055,5
AON,2013,2013-12-31,,315,3.93,1681,,-150,1113,1148,2013-12-31,1538,390,,11815,10144,10134,7
AON,2012,2012-12-31,,333,3.22,1596,,-217,993,1021,2012-12-31,1381,360,,11514,9918,9918,1
AON,2011,2011-12-31,,341,3.24,1587,,-202,979,1006,2011-12-31,1384,378,,11287,9681,9700,-1
AON,2010,2010-12-31,,298,3,1218,,-151,706,759,2010-12-31,1059,300,,8512,7286,7294,-4
AON,2009,2009-12-31,,291,3.06,1021,,-92,747,681,2009-12-31,949,268,,7595,6332,6574,20
AON,2008,2008-12-31,,301,2.06,1028,,-126,1462,621,2008-12-31,863,242,,7631,6381,6603,-39
AON,2007,2007-12-31,,323,2.1,1162,,-138,864,672,2007-12-31,1024,352,,7471,6114,6309,1
AON,2006,2006-12-31,,342,1.85,1049,,-129,720,626,2006-12-31,920,294,,359,7665,7905,3
AON,2005,2005-12-31,,342,1.87,1090,,-125,737,642,2005-12-31,965,323,,343,8465,8747,5
AON,2004,2004-12-31,,337,1.72,1016,,-136,546,577,2004-12-31,880,303,,324,8922,9156,180
AON,2003,2003-12-31,,318,2.05,1211,,-101,628,699,2003-12-31,1110,411,,317,8550,8599,
AON,2002,2002-12-31,,283,1.57,917,,-124,466,500,2002-12-31,793,293,,252,7880,7905,
AON,2001,2001-12-31,,272,1.32,526,,-127,203,243,2001-12-31,399,156,,213,6924,7150,
AON,2000,2000-12-31,,263,2.25,994,,-140,474,521,2000-12-31,854,333,,508,6227,6381,
AON,1999,1999-12-31,,263,1.72,740,,-105,352,392,1999-12-31,635,243,,577,6187,6330,
AON,1998,1998-12-31,,260,2.4,1018,,-87,541,582,1998-12-31,931,349,,590,5353,5475,
AON,1997,1997-12-31,,257,1.12,611,,-70,299,339,1997-12-31,542,203,,530,4811,5140,
AON,1996,1996-12-31,,254,1.08,486,,-40,335,292,1996-12-31,446,154,,435,3118,3403,
AON,1995,1995-12-31,,251,1.11,495,,-37,403,304,1995-12-31,458,154,,398,2681,2970,
AON,1994,1994-12-31,,239,1.37,584,,-46,360,360,1994-12-31,538,178,,848,3205,3573,
AON,1993,1993-12-31,,239,1.25,521,,-42,324,324,1993-12-31,479,155,,822,2974,3323,
AON,1992,1992-12-31,,236,0.86,332,,-42,127,206,1992-12-31,291,84,,809,2680,3004,
AON,1991,1991-12-31,,220,1.1,372,,-41,242,242,1991-12-31,332,90,,817,2230,2559,
AON,1990,1990-12-31,,223,1.07,369,,-44,239,239,1990-12-31,325,86,,708,2003,2257,
AON,1989,1989-12-31,,222,1.05,359,,-45,232,232,1989-12-31,314,82,,629,1761,1965,
AON,1988,1988-12-31,,217,0.83,284,,-47,180,180,1988-12-31,237,58,,503,1704,1902,
AON,1987,1987-12-31,,223,0.7,271,,-44,156,156,1987-12-31,228,71,,405,1599,1777,
AON,1986,1986-12-31,,225,1.1,287,,-24,184,184,1986-12-31,263,79,,311,1374,1519,
AON,1985,1985-12-31,,224,0.81,230,,,161,161,1985-12-31,230,69,,173,1010,1130,
AON,1984,1984-12-31,,222,0.73,190,,,164,164,1984-12-31,190,26,,152,986,1098,
AON,1983,1983-12-31,,222,0.5,156,,,127,127,1983-12-31,156,29,,143,981,1086,
APA,2019,2019-12-31,1447,377,-3.1313,-2674,4868,-422,-3553,-3682,2019-12-31,-3008,674,186,6315,919,7542,88
APA,2018,2018-12-31,1439,384,2.02362,1289,5909,-401,40,550,2018-12-31,958,408,289,7348,994,4620,70
APA,2017,2017-12-31,1400,383,2.67807,1405,4487,-531,1304,1616,2017-12-31,918,-698,549,5887,725,3082,44
APA,2016,2016-12-31,1494,379,-1.69578,-1648,3873,,-1405,-1240,2016-12-31,-1682,-442,473,5367,736,5521,-34
APA,2015,2015-12-31,1854,378,-12.58915,-12267,4656,,-10352,-11159,2015-12-31,-12169,-1010,2771,6510,873,16923,98
APA,2014,2014-12-31,2238,384,1.89206,-2919,10453,0,-5403,-3472,2014-12-31,-2809,663,0,12691,1301,13372,110
APA,2013,2013-12-31,3056,406,7.09,4564,13346,-399,2232,2288,2013-12-31,4216,1928,,16402,1632,8782,51
APA,2012,2012-12-31,2968,391,6.98,4746,13979,,2001,2001,2012-12-31,4877,2876,,16947,1696,9233,131
APA,2011,2011-12-31,2605,400,11.66,8015,14205,,4584,4584,2011-12-31,8093,3509,,16810,1654,6190,78
APA,2010,2010-12-31,2032,359,8.94,5297,10151,,3032,3032,2010-12-31,5206,2174,,12183,1248,4854,-91
APA,2009,2009-12-31,1662,336,4.59,285,6912,,-284,-284,2009-12-31,326,611,,8574,1066,6626,41
APA,2008,2008-12-31,1910,337,14.17,870,10418,,712,712,2008-12-31,932,220,,12328,1430,9547,62
APA,2007,2007-12-31,1706,335,8.39,4657,8256,,2812,2812,2007-12-31,4673,1860,,9962,935,3599,16
APA,2006,2006-12-31,1362,333,7.31,3969,6712,,2552,2552,2006-12-31,4010,1457,,8074,870,2744,41
APA,2005,2005-12-31,1040,334,7.84,4079,6417,,2624,2624,2005-12-31,4206,1583,,7457,752,2338,127
APA,2004,2004-12-31,864,330,5.17,2639,4444,0,1669,1670,2004-12-31,2663,993,,5308,349,1805,25
APA,2003,2003-12-31,700,325,3.37,1940,3499,-9,1122,1095,2003-12-31,1922,827,,4199,321,1559,-9
APA,2002,2002-12-31,458,305,1.84,915,2102,-16,554,554,2002-12-31,899,345,,2560,210,1187,0
APA,2001,2001-12-31,407,303,2.5,1220,2384,-8,723,723,2001-12-31,1199,476,,2791,159,1163,-14
APA,2000,2000-12-31,255,327,2.19,1211,2036,1,713,721,2000-12-31,1204,483,,2291,135,825,-8
APA,1999,1999-12-31,377,250,0.74,342,921,0,201,201,1999-12-31,345,144,,1298,54,579,2
APA,1998,1998-12-31,326,227,-0.58,-187,550,-2,-129,-129,1998-12-31,-188,-58,,876,41,737,1
APA,1997,1997-12-31,426,229,0.71,263,755,-2,155,155,1997-12-31,259,104,,1181,38,492,-3
APA,1996,1996-12-31,364,218,0.6,199,612,0,121,121,1996-12-31,200,79,,976,36,413,1
APA,1995,1995-12-31,303,186,0.15,33,447,0,20,20,1995-12-31,33,13,,750,37,415,0
APA,1994,1994-12-31,176,149,0.33,57,362,0,43,43,1994-12-31,64,22,,538,35,305,7
APA,1993,1993-12-31,149,133,0.41,54,314,1,37,37,1993-12-31,58,21,,463,33,260,3
APA,1992,1992-12-31,147,127,0.43,68,276,3,48,48,1992-12-31,70,23,,423,35,237,0
APA,1991,1991-12-31,110,106,0.33,29,232,9,35,35,1991-12-31,44,10,,342,41,203,6
APA,1990,1990-12-31,67,103,0.39,45,195,7,40,40,1990-12-31,57,17,,261,22,149,5
APA,1989,1989-12-31,74,80,0.28,26,167,3,22,22,1989-12-31,32,10,,241,23,141,3
APA,1988,1988-12-31,42,55,0.1,17,95,-15,9,5,1988-12-31,7,2,,137,17,78,5
APA,1987,1987-12-31,25,47,0.05,-137,67,-15,-71,-81,1987-12-31,-144,-62,,92,19,204,8
APA,1986,1986-12-31,73,47,0.19,-13,89,-17,-11,-10,1986-12-31,-21,-11,,162,20,103,9
APA,1985,1985-12-31,15,48,0.5,14,109,-5,8,9,1985-12-31,13,4,,124,33,97,5
APA,1984,1984-12-31,14,49,0.44,28,95,,21,21,1984-12-31,35,14,,108,23,66,7
APA,1983,1983-12-31,12,51,0.4,27,92,,22,20,1983-12-31,35,15,,104,25,65,9
AIV,2019,2019-12-31,311.221,147.944,-0.16965,156.773,603.073,-155.852,474.083,508.027,2019-12-31,504.892,-3.135,,914.294,47.037,446.29999999999995,0.803
AIV,2018,2018-12-31,328.822,151.33293,1.47121,215.756,643.588,-189.72,666.227,716.603,2018-12-31,703.576,-13.027,,972.41,46.268,427.832,0.077
AIV,2017,2017-12-31,354.584,152.05345,0.7809,193.983,650.853,-186.283,315.774,331.185,2017-12-31,316.243,-14.942,,1005.437,43.657,456.86999999999995,7.694
AIV,2016,2016-12-31,354.913,151.6607,1.03969,246.796,640.941,-188.592,430.41,483.273,2016-12-31,464.431,-18.842,,995.854,46.784,394.145,6.071
AIV,2015,2015-12-31,359.393,150.86454,1.56409,256.215,621.917,-181.036,68.117,91.39,2015-12-31,63.866,-27.524,,981.31,49.033,365.70200000000006,-11.313
AIV,2014,2014-12-31,373.316,141.58593,2.12876,262.35,611.047,-214.093,20.613,67.475,2014-12-31,47.428,-20.047,,984.363,51.505,348.69700000000006,-0.829
AIV,2013,2013-12-31,375.7,141.1,0.29,249,598.4,-220.1,207.3,34.6,2013-12-31,32.6,-2,,974.1,50,349.3,3.7
AIV,2012,2012-12-31,402.2,130.4,-0.89,200.2,631,-241.3,132.5,-14.9,2012-12-31,-15.8,-0.9,,1033.2,61.6,430.8,25.3
AIV,2011,2011-12-31,450,115.7,-1.59,166.3,629.6,-318.5,-57.1,-142.1,2011-12-31,-149.3,-7.2,,1079.6,61.4,463.29999999999995,2.9
AIV,2010,2010-12-31,510.2,112.8,-1.78,130.5,634.8,-324.6,-71.7,-165.9,2010-12-31,-184.3,-18.4,,1144.9,67.9,504.2,9.7
AIV,2009,2009-12-31,524,110.8,-2.33,110.2,671.7,-326.8,-64.3,-197,2009-12-31,-215.7,-18.7,,1195.8,85.3,561.5999999999999,0.9
AIV,2008,2008-12-31,652.8,117.5,-0.81,91.7,805.1,-399.2,415.5,-158.7,2008-12-31,-212.1,-53.4,,1457.9,99,713.4000000000001,95.4
AIV,2007,2007-12-31,797.1,135.9,-0.79,340.6,924.1,-419,29.9,-50.6,2007-12-31,-50.6,0,,1721.2,89.3,583.4999999999999,27.8
AIV,2006,2006-12-31,772.6,137.1,-0.91,338,918.4,-398.8,176.8,-29.1,2006-12-31,-29.1,0,,1691,101.7,580.4,31.8
AIV,2005,2005-12-31,723.4,134.4,-0.82,293.3,798.1,-351.5,71,-40.3,2005-12-31,-40.3,0,,1521.5,92.9,504.80000000000007,17.9
AIV,2004,2004-12-31,689.8,133.3,-0.22,325.3,779.1,-353.9,263.5,41.8,2004-12-31,41.8,0,,1468.9,78.1,453.79999999999995,70.4
AIV,2003,2003-12-31,693.3,133.1,-0.14,452.8,823,-376.8,158.9,79.2,2003-12-31,79.2,0,,1516.3,31,370.20000000000005,3.2
AIV,2002,2002-12-31,639.7,124.2,0.66,534.4,866.6,-307.4,169,199.1,2002-12-31,199.1,0,,1506.2,29.4,332.0999999999999,-27.9
AIV,2001,2001-12-31,626.7,105.4,0.16,440.9,836.9,-338.5,107.3,119.8,2001-12-31,119.8,0,,1463.6,31.6,395.9,17.4
AIV,2000,2000-12-31,467,98.8,0.36,283.2,633.7,-199.8,99.2,109.7,2000-12-31,109.7,0,,1100.7,18.1,350.5,26.3
AIV,1999,1999-12-31,255.6,90.8,0.33,168.2,321.8,-82.7,81,83.7,1999-12-31,83.7,0,,577.4,13.1,153.50000000000003,-1.8
AIV,1998,1998-12-31,175.3,68.2,0.68,129.3,225.9,-64.3,64.5,69.7,1998-12-31,69.7,0,,401.2,14.8,96.69999999999999,4.7
AIV,1997,1997-12-31,92.7,35,0.79,73.8,114.2,-43.5,28.6,33,1997-12-31,33,0,,206.9,6,40.499999999999986,2.7
AIV,1996,1996-12-31,46.5,17.8,0.76,40,62.4,-24.4,13,15.7,1996-12-31,15.7,0,,108.9,2.1,22.400000000000006,0
AIV,1995,1995-12-31,37.4,13.7,0.63,27.7,45.7,-12.7,13.4,15,1995-12-31,15,0,,83.1,2.4,18,0
AIV,1994,1994-12-31,11,13.7,0.29,11.4,17.1,-1.5,7.1,7.7,1994-12-31,7.7,0,,28.1,1,5.699999999999999,-2.2
AIV,1993,1993-12-31,29.6,13.7,0.43,15.7,26.4,-1.8,13.2,13.9,1993-12-31,13.9,0,,56,0,10.699999999999996,0
AAPL,2020,2020-09-26,169559,17528.214,3.27535,66288,104956,890,57411,57411,2020-09-26,67091,9680,18752,274515,19916,38668,-87
AAPL,2019,2019-09-28,161782,18595.652,2.97145,63930,98392,1385,55256,55256,2019-09-28,65737,10481,16217,260174,18245,34462,422
AAPL,2018,2018-09-29,163756,20000.436,3.05148,70898,101839,2446,59531,61031,2018-09-29,72903,11872,14236,265595,16705,30941,-441
AAPL,2017,2017-09-30,141048,21006.768,2.30169,61344,88186,2878,48351,48351,2017-09-30,64089,15738,11581,229234,15261,26842,-133
AAPL,2016,2016-09-24,131376,22001.124,2.07658,60024,84263,2543,45687,45687,2016-09-24,61372,15685,10045,215639,14194,24239,-1195
AAPL,2015,2015-09-26,140089,23172.276,2.30422,71230,93626,2188,53394,53394,2015-09-26,72515,19121,8067,233715,14329,22396,-903
AAPL,2014,2014-09-27,112258,6123,6.45,52503,70537,1291,39510,39510,2014-09-27,53483,13973,6041,182795,11993,18034,-311
AAPL,2013,2013-09-28,106606,6522,5.68,48999,64304,1180,37037,37037,2013-09-28,50155,13118,4475,170910,10830,15305,-24
AAPL,2012,2012-09-29,87846,6617,6.31,55241,68662,1088,41733,41733,2012-09-29,55763,14030,3381,156508,10040,13421,-566
AAPL,2011,2011-09-24,64431,6557,3.95,33790,43818,519,25922,25922,2011-09-24,34205,8283,2429,108249,7599,10028,-104
AAPL,2010,2010-09-25,39541,6473,2.16,18385,25684,311,14013,14013,2010-09-25,18540,4527,1782,65225,5517,7299,-156
AAPL,2009,2009-09-26,25683,6349,1.3,11740,17222,407,8235,8235,2009-09-26,12066,3831,1333,42905,4149,5482,-81
AAPL,2008,2008-09-27,21334,6315,0.77,6275,11145,653,4834,4834,2008-09-27,6895,2061,1109,32479,3761,4870,-33
AAPL,2007,2007-09-29,15852,6225,0.56,4409,8154,647,3496,3496,2007-09-29,5008,1512,782,24006,2963,3745,-48
AAPL,2006,2006-09-30,13717,6143,0.32,2453,5598,394,1989,1989,2006-09-30,2818,829,712,19315,2433,3145,-29
AAPL,2005,2005-09-24,9888,5997,0.22,1650,4043,183,1335,1335,2005-09-24,1815,480,534,13931,1859,2393,-18
AAPL,2004,2004-09-25,6020,5422,0.05,326,2259,66,276,276,2004-09-25,383,107,489,8279,1421,1933,-9
AAPL,2003,2003-09-27,4499,5089,0.02,-1,1708,92,69,68,2003-09-27,92,24,471,6207,1212,1709,1
AAPL,2002,2002-09-28,4139,5065,0.02,17,1603,65,65,65,2002-09-28,87,22,446,5742,1109,1586,5
AAPL,2001,2001-09-29,4128,4839,0,-344,1235,277,-25,-37,2001-09-29,-52,-15,430,5363,1138,1579,15
AAPL,2000,2000-09-30,5817,5045,0.16,522,2166,556,786,786,2000-09-30,1092,306,380,7983,1256,1644,14
AAPL,1999,1999-09-25,4438,4877,0.14,359,1696,327,601,601,1999-09-25,676,75,314,6134,996,1337,-10
AAPL,1998,1998-09-25,4462,4702,0.08,261,1479,78,309,309,1998-09-25,329,20,303,5941,908,1218,-10
AAPL,1997,1997-09-26,5713,3530,-0.11,-1070,1368,11,-1045,-1045,1997-09-26,-1045,0,485,7081,1286,2438,14
AAPL,1996,1996-09-27,8865,3465,-0.2,-1383,968,0,-816,-816,1996-09-27,-1295,-479,604,9833,1568,2351,88
AAPL,1995,1995-09-29,8204,3445,0.12,684,2858,52,424,424,1995-09-29,674,250,614,11062,1583,2174,-62
AAPL,1994,1994-09-30,6845,3325,0.07,522,2344,4,310,310,1994-09-30,500,190,564,9189,1384,1821,-26
AAPL,1993,1993-09-24,5249,3340,0.09,110,2728,58,87,87,1993-09-24,140,53,665,7977,1632,2618,-29
AAPL,1992,1992-09-25,3991,3430,0.15,806,3095,63,530,530,1992-09-25,855,325,602,7087,1687,2290,-13
AAPL,1991,1991-09-27,3314,3368,0.13,447,2995,0,310,310,1991-09-27,500,190,583,6309,1740,2548,52
AAPL,1990,1990-09-28,2606,3523,0.14,712,2952,0,475,475,1990-09-28,779,304,478,5558,1729,2240,67
AAPL,1989,1989-09-29,2695,3603,0.13,634,2589,0,454,454,1989-09-29,744,290,420,5284,1535,1955,110
AAPL,1988,1988-09-30,1991,3637,0.11,620,2080,0,400,400,1988-09-30,656,256,273,4071,1188,1460,36
AAPL,1987,1987-09-25,1296,3685,0.06,371,1365,0,217,217,1987-09-25,410,193,192,2661,802,994,39
AAPL,1986,1986-09-26,891,3602,0.04,274,1011,0,154,154,1986-09-26,310,156,128,1902,609,737,36
AAPL,1985,1985-09-27,1118,3466,0.02,103,800,0,61,61,1985-09-27,120,59,73,1918,588,698,17
AAPL,1984,1984-09-28,879,3410,0.02,86,637,0,64,64,1984-09-28,109,45,71,1516,480,551,23
AAPL,1983,1983-09-30,506,3353,0.02,130,477,0,77,77,1983-09-30,146,69,60,983,287,347,16
AMAT,2019,2019-10-27,8222,945,2.89974,3350,6386,-81,2706,2682,2019-10-27,3269,587,2053,14608,950,3036,
AMAT,2018,2018-10-28,9188,1026,4.2077,4491,7517,-95,3038,4150,2018-10-28,4396,246,2021,16705,974,3026,
AMAT,2017,2017-10-29,8086,1084,3.40284,3936,6612,-120,3519,3519,2017-10-29,3816,297,1780,14698,913,2676,
AMAT,2016,2016-10-30,6314,1116,1.40269,2152,4511,-139,1721,1721,2016-10-30,2013,292,1538,10825,863,2359,
AMAT,2015,2015-10-25,5707,1226,1.26163,1693,3952,-95,1377,1377,2015-10-25,1598,221,1450,9659,969,2259,
AMAT,2014,2014-10-26,5229,1231,0.78,1520,3843,-72,1072,1072,2014-10-26,1448,376,1427,9072,913,2323,
AMAT,2013,2013-10-27,4518,1219,0.27,426,2991,-76,256,256,2013-10-27,350,94,1319,7509,888,2565,
AMAT,2012,2012-10-28,5406,1277,0.2,394,3313,-78,109,109,2012-10-28,316,207,1237,8719,1076,2919,
AMAT,2011,2011-10-30,6157,1330,1.38,2395,4360,-17,1926,1926,2011-10-30,2378,452,1118,10517,882,1965,
AMAT,2010,2010-10-31,5834,1349,0.88,1371,3715,16,938,938,2010-10-31,1387,449,1144,9549,942,2344,
AMAT,2009,2009-10-25,3583,1333,-0.07,-478,1431,-8,-305,-305,2009-10-25,-486,-180,934,5014,735,1909,
AMAT,2008,2008-10-26,4686,1375,0.71,1355,3443,53,961,961,2008-10-26,1409,448,1104,8129,965,2088,
AMAT,2007,2007-10-28,5242,1427,1.21,2372,4492,68,1710,1710,2007-10-28,2440,729,1142,9735,952,2121,
AMAT,2006,2006-10-29,4875,1565,1.06,2021,4292,146,1517,1517,2006-10-29,2167,650,1152,9167,907,2271,
AMAT,2005,2005-10-30,3906,1657,0.73,1448,3086,134,1210,1210,2005-10-30,1582,372,941,6992,697,1638,
AMAT,2004,2004-10-31,4312,1722,0.9,1764,3701,66,1351,1351,2004-10-31,1829,478,992,8013,752,1937,
AMAT,2003,2003-10-26,2873,1660,0.13,-314,1604,102,-149,-149,2003-10-26,-212,-62,921,4477,626,1918,
AMAT,2002,2002-10-27,3006,1702,0.21,210,2057,131,269,269,2002-10-27,341,72,1052,5062,709,1846,0
AMAT,2001,2001-10-28,4091,1695,0.59,930,3252,174,508,775,2001-10-28,1104,329,1199,7343,902,2322,0
AMAT,2000,2000-10-29,4709,1718,1.18,2747,4856,133,2064,2064,2000-10-29,2948,884,1108,9564,961,2108,68
AMAT,1999,1999-10-31,2537,1584,0.49,934,2322,58,747,692,1999-10-31,1022,330,682,4859,658,1388,30
AMAT,1998,1998-10-25,2179,1514,0.3,388,1863,34,231,289,1998-10-25,438,149,644,4042,594,1474,15
AMAT,1997,1997-10-26,2173,1511,0.37,691,1901,39,498,498,1997-10-26,799,300,568,4074,583,1210,69
AMAT,1996,1996-10-27,2195,1469,0.42,904,1950,19,600,600,1996-10-27,922,323,481,4145,540,1046,0
AMAT,1995,1995-10-31,1652,1419,0.32,694,1410,5,454,454,1995-10-31,699,244,330,3062,386,716,0
AMAT,1994,1994-10-31,892,1360,0.16,339,768,-5,221,217,1994-10-31,334,117,189,1660,240,429,
AMAT,1993,1993-10-31,604,1317,0.08,161,476,-7,100,103,1993-10-31,154,51,140,1080,175,315,
AMAT,1992,1992-10-25,443,1163,0.04,68,308,-9,39,39,1992-10-25,59,19,109,751,126,240,
AMAT,1991,1991-10-27,370,1102,0.02,53,269,-12,26,26,1991-10-27,40,14,103,639,113,216,
AMAT,1990,1990-10-25,302,1090,0.03,59,265,-5,34,34,1990-10-25,54,20,97,567,109,206,
AMAT,1989,1989-10-31,257,1072,0.05,83,245,1,51,51,1989-10-31,84,33,72,502,89,161,
AMAT,1988,1988-10-31,192,1055,0.04,71,171,-4,40,40,1988-10-31,67,27,43,363,57,100,
AMAT,1987,1987-10-31,103,905,0,2,71,-2,0,0,1987-10-31,1,0,31,174,38,69,
AMAT,1986,1986-10-31,89,853,0,4,60,-2,1,1,1986-10-31,2,1,25,149,32,56,
AMAT,1985,1985-10-31,94,842,0.01,16,80,0,9,9,1985-10-31,16,7,32,175,33,64,
AMAT,1984,1984-10-31,85,837,0.02,24,83,1,14,14,1984-10-31,25,11,31,168,28,60,
AMAT,1983,1983-10-31,64,789,0,6,41,-1,3,3,1983-10-31,5,2,16,106,19,35,
APTV,2019,2019-12-31,11708,257.39,4.18584,1265,2649,-151,990,994,2019-12-31,1126,132,,14357,1076,1384,12
APTV,2018,2018-12-31,11702,265.22,4.87612,1459,2733,-119,1067,1114,2018-12-31,1334,220,,14435,993,1274,-6
APTV,2017,2017-12-31,10270,268.03,4.58768,1398,2614,-133,1355,1082,2017-12-31,1255,173,,12884,952,1216,-10
APTV,2016,2016-12-31,9527,273.7,4.86713,1166,2747,-154,1257,833,2016-12-31,1000,167,,12274,924,1581,-12
APTV,2015,2015-12-31,8691,286.64,3.46526,1137,2173,-119,1450,836,2015-12-31,997,161,,10864,803,1036,-21
APTV,2014,2014-12-31,12471,302,4.89,1718,3028,-125,1351,1360,2014-12-31,1615,255,,15499,1036,1310,22
APTV,2013,2013-12-31,12274,312,4.26,1588,2777,-129,1212,1226,2013-12-31,1466,240,,15051,916,1189,7
APTV,2012,2012-12-31,12861,323,3.84,1462,2658,-119,1077,1133,2012-12-31,1345,212,,15519,927,1196,2
APTV,2011,2011-12-31,13386,421,2.82,1622,2655,-92,1145,1201,2011-12-31,1506,305,,16041,901,1033,-24
APTV,2010,2010-12-31,11768,328,2.46,923,2049,-1,631,686,2010-12-31,944,258,,13817,815,1126,22
APTV,2009,2009-12-31,11527,328,9.12,9063,228,7,9300,9419,2009-12-31,9081,-338,,11755,976,-8835,11
APTV,2008,2008-12-31,16157,328,0.81,3673,651,-398,3037,3134,2008-12-31,3297,163,,16808,1420,-3022,22
APTV,2007,2007-12-31,,328,,,,-764,-2997,,2007-12-31,,,,19526,,,
APTV,2006,2006-12-31,,328,,,,-423,-5427,,2006-12-31,,,,19329,,,
ADM,2019,2019-12-31,60509,565,3.06763,1351,4147,223,1379,1418,2019-12-31,1588,170,,64656,2493,2796,53
ADM,2018,2018-12-31,60160,567,3.15082,1962,4181,139,1810,1782,2018-12-31,2060,278,,64341,2165,2219,-84
ADM,2017,2017-12-31,57310,572,2.26407,1356,3518,232,1595,1223,2017-12-31,1609,386,,60828,1978,2162,-59
ADM,2016,2016-12-31,58728,591,2.07442,1582,3618,91,1279,1288,2016-12-31,1822,534,,62346,1981,2036,19
ADM,2015,2015-12-31,63682,621,2.74183,1621,4020,161,1849,1846,2015-12-31,2284,438,,67702,2010,2399,-70
ADM,2014,2014-12-31,76433,656,3.16,2756,4768,-146,2248,2253,2014-12-31,3130,877,,81201,1907,2012,169
ADM,2013,2013-12-31,85915,663,2.24,1879,3889,122,1342,1354,2013-12-31,2024,670,,89804,1759,2010,-18
ADM,2012,2012-12-31,44927,661,1.15,901,1802,101,692,694,2012-12-31,997,303,,46729,869,901,-5
ADM,2011,2012-06-30,85370,666,2.31,1593,3668,169,1223,1242,2012-06-30,1765,523,,89038,1626,2075,3
ADM,2010,2011-06-30,76376,654,3.08,2674,4300,241,2036,2018,2011-06-30,3015,997,,80676,1611,1626,29
ADM,2009,2010-06-30,57839,644,3.08,2370,3843,215,1930,1919,2010-06-30,2585,666,,61682,1398,1473,0
ADM,2008,2009-06-30,65118,644,2.63,2677,4089,-121,1707,1707,2009-06-30,2534,827,,69207,1412,1412,-46
ADM,2007,2008-06-30,65974,646,2.78,2423,3842,254,1802,1802,2008-06-30,2624,822,,69816,1419,1419,-61
ADM,2006,2007-06-30,40781,656,2.67,1996,3237,510,2162,2162,2007-06-30,3154,992,,44018,1195,1241,-1
ADM,2005,2006-06-30,33630,656,2,1773,2966,53,1312,1312,2006-06-30,1855,543,,36596,1193,1193,29
ADM,2004,2005-06-30,33512,656,1.59,1351,2431,151,1044,1044,2005-06-30,1516,472,,35944,1081,1081,15
ADM,2003,2004-06-30,34003,650,0.76,746,2148,-21,495,495,2004-06-30,718,223,,36151,1402,1402,-8
ADM,2002,2003-06-30,28981,647,0.7,779,1727,-169,451,451,2003-06-30,631,180,,30708,948,948,21
ADM,2001,2002-06-30,21687,657,0.87,857,1766,-142,511,511,2002-06-30,719,208,,23454,827,910,4
ADM,2000,2001-06-30,18620,665,0.58,701,1432,-200,383,383,2001-06-30,522,139,,20051,731,731,21
ADM,1999,2000-06-30,11657,669,0.45,490,1220,-143,301,301,2000-06-30,353,52,,12877,729,730,6
ADM,1998,1999-06-30,13051,685,0.41,531,1232,-110,266,281,1999-06-30,420,139,,14283,701,701,-1
ADM,1997,1998-06-30,14728,686,0.59,720,1381,-113,404,404,1998-06-30,610,206,,16109,661,660,2
ADM,1996,1997-06-30,12553,690,0.55,625,1301,20,377,377,1997-06-30,644,267,,13853,675,675,-1
ADM,1995,1996-06-30,11950,702,0.99,914,1364,121,696,696,1996-06-30,1054,359,,13314,450,450,18
ADM,1994,1995-06-30,11029,725,1.1,1213,1642,-71,796,796,1995-06-30,1182,386,,12672,429,430,40
ADM,1993,1994-06-30,10237,732,0.66,766,1138,,484,484,1994-06-30,738,254,,11374,371,371,-28
ADM,1992,1993-06-30,8748,760,0.7,738,1063,,568,535,1993-06-30,746,212,,9811,325,325,8
ADM,1991,1992-06-30,8188,762,0.66,748,1043,,504,504,1992-06-30,760,256,,9232,295,295,11
ADM,1990,1991-06-30,7572,764,0.61,617,896,,467,467,1991-06-30,718,251,,8468,279,279,101
ADM,1989,1990-06-30,6845,762,0.63,674,906,,484,484,1990-06-30,753,270,,7751,232,232,79
ADM,1988,1989-06-30,7109,755,0.56,622,820,,425,425,1989-06-30,668,243,,7929,197,198,45
ADM,1987,1988-06-30,6092,768,0.46,541,707,,353,353,1988-06-30,572,219,,6798,166,165,31
ADM,1986,1987-06-30,5235,767,0.35,381,540,,265,265,1987-06-30,478,212,,5775,159,159,97
ADM,1985,1986-06-30,4839,755,0.32,354,497,,248,239,1986-06-30,396,156,,5336,144,143,42
ADM,1984,1985-06-30,4368,746,0.22,241,371,,164,164,1985-06-30,269,105,,4739,130,130,28
ADM,1983,1984-06-30,4621,727,0.16,168,286,,118,118,1984-06-30,165,47,,4907,117,118,-4
ADM,1982,1983-06-30,4030,670,0.16,136,262,,110,110,1983-06-30,158,48,,4292,126,126,22
