symbol,year,period,costOfGoodsSold,dilutedAverageSharesOutstanding,dilutedEPS,ebit,grossIncome,interestIncomeExpense,netIncome,netIncomeAfterTaxes,period,pretaxIncome,provisionforIncomeTaxes,researchDevelopment,revenue,sgaExpense,totalOperatingExpense,totalOtherIncomeExpenseNet
ANET,2019,2019-12-31,866.368,80.879,10.62659,805.774,1544.338,56.571,859.867,859.867,2019-12-31,862.27,2.403,462.759,2410.706,275.805,738.564,-0.075
ANET,2018,2018-12-31,777.992,80.844,7.38819,273.347,1373.377,15.165,328.115,334.215,2018-12-31,288.801,-45.414,442.468,2151.369,252.562,1100.03,0.289
ANET,2017,2017-12-31,584.417,78.977,6.00514,470.272,1061.769,-2.78,423.201,475.001,2017-12-31,474.76,-0.241,349.594,1646.186,241.903,591.497,7.268
ANET,2016,2016-12-31,406.051,73.222,2.49978,243.409,723.116,-3.136,184.189,184.189,2016-12-31,242.225,58.036,273.581,1129.167,206.126,479.70700000000005,1.952
ANET,2015,2015-12-31,294.031,71.411,1.67011,149.308,543.56,-3.152,121.102,121.102,2015-12-31,146.009,24.907,209.448,837.591,184.804,394.252,-0.147
ANET,2014,2014-12-31,192,54.6,1.29,125.5,392.1,-6.3,86.9,86.9,2014-12-31,121.5,34.7,148.9,584.1,117.7,266.6,2.3
ANET,2013,2013-12-31,122.7,30.1,0.72,66.1,238.5,-7.1,42.5,42.5,2013-12-31,58.3,15.8,98.6,361.2,73.8,172.40000000000003,-0.8
ANET,2012,2012-12-31,61.3,24.9,0.39,39.9,132.2,-7.1,21.3,21.3,2012-12-31,33,11.6,55.2,193.4,37.1,92.2,0.1
ANET,2011,2011-12-31,43.4,63.9,0.53,44.4,96.5,-6.4,34,34,2011-12-31,37.6,3.6,26.4,139.8,25.7,52.00000000000001,-0.4
ANET,2010,2010-12-31,27.2,63.9,0.04,16.1,44.5,-12.6,2.4,2.4,2010-12-31,3.3,0.9,16.3,71.7,12.2,28.500000000000004,-0.1
AJG,2019,2019-12-31,4830.9,190.1,3.23461,805.9,2364.1,-179.8,668.8,715.8,2019-12-31,626.1,-89.7,,7195,,1558.2000000000007,
AJG,2018,2018-12-31,4983.9,186.2,3.34211,617.8,1950.1,-138.4,633.5,684.8,2018-12-31,479.4,-205.4,,6934,,1332.3000000000002,
AJG,2017,2017-12-31,4519.3,182.1,2.88962,483.9,1729.7,-124.1,481.3,553.7,2017-12-31,359.8,-193.9,,6249,,1245.8000000000002,
AJG,2016,2016-12-31,4077.9,178.4,2.47562,443.4,1602.6,-109.8,396.8,430.3,2016-12-31,333.6,-96.7,,5680.5,,1159.2000000000003,
AJG,2015,2015-12-31,3780.4,173.2,2.46798,396.5,1612,-103,356.8,389.1,2015-12-31,293.5,-95.6,,5392.4,,1215.4999999999995,
AJG,2014,2014-12-31,3226.5,154.3,2.3,356.4,1400,-89,303.4,303.4,2014-12-31,267.4,-36,,4626.5,,1043.6000000000004,17.5
AJG,2013,2013-12-31,2122.3,128.9,2.3,324.6,1057.3,-50.1,268.6,268.6,2013-12-31,274.5,5.9,,3179.6,,732.6999999999998,1.7
AJG,2012,2012-12-31,1605,122.5,1.57,288.3,915.3,-43,195,195,2012-12-31,245.3,50.3,,2520.3,,627,3.4
AJG,2011,2011-12-31,1358.1,112.5,1.5,248.6,776.6,-40.8,144.1,144.1,2011-12-31,207.8,63.7,,2134.7,,528,-6.2
AJG,2010,2010-12-31,1181.5,105.1,1.62,237.6,682.7,-34.6,174.1,163.3,2010-12-31,203,39.7,,1864.2,,445.0999999999999,-2.6
AJG,2009,2009-12-31,1061,100.6,1.32,239.6,668.3,-28.5,128.6,133.1,2009-12-31,211.1,78,,1729.3,,428.70000000000005,4.1
AJG,2008,2008-12-31,988,94.2,1.18,192.2,657,-28.6,77.3,111.4,2008-12-31,163.6,52.2,,1645,,464.79999999999995,0
AJG,2007,2007-12-31,911.6,97.1,1.59,216.1,711.7,-16,138.8,154.6,2007-12-31,200.1,45.5,,1623.3,,495.6,
AJG,2006,2006-12-31,873.4,98.4,1.31,161.6,660.6,-8.5,128.5,128.5,2006-12-31,153.1,24.6,,1534,0,499.0000000000001,
AJG,2005,2005-12-31,789.9,96.1,1.18,8.8,694,-11.6,30.8,28.6,2005-12-31,-2.8,-31.4,,1483.9,,685.1999999999999,
AJG,2004,2004-12-31,735.4,94.5,1.99,245,744.9,-9.5,188.5,188.5,2004-12-31,235.5,47,,1480.3,,499.9,
AJG,2003,2003-12-31,660.8,93.3,1.57,201.3,603,-8,146.2,146.2,2003-12-31,193.3,47.1,,1263.8,,401.70000000000005,
AJG,2002,2002-12-31,576.5,91.9,1.41,185.3,519.5,,129.7,129.7,2002-12-31,185.3,55.6,,1096,,339.4,
AJG,2001,2001-12-31,477.3,90.1,1.39,141.9,427,,125.3,125.3,2001-12-31,141.9,16.6,,904.2,,290.90000000000003,
AJG,2000,2000-12-31,384.2,83.9,1.05,125.4,356.4,,87.8,87.8,2000-12-31,125.4,37.6,,740.6,,231.00000000000006,
AJG,1999,1999-12-31,312.7,77.1,0.88,104.2,293.1,,67.8,67.8,1999-12-31,104.2,36.5,,605.8,,188.90000000000003,
AJG,1998,1998-12-31,281.5,72.8,0.78,84.5,259.1,,56.5,56.5,1998-12-31,84.5,28,,540.7,,174.60000000000002,
AJG,1997,1997-12-31,249.9,68.2,0.78,80.8,238.1,0,53.3,53.3,1997-12-31,80.8,27.5,,488,,157.29999999999998,
AJG,1996,1996-12-31,239.5,68.5,0.68,69.4,217.2,,45.8,45.8,1996-12-31,69.4,23.6,,456.7,,147.8,
AJG,1995,1995-12-31,218.7,69.7,0.6,62.9,193.3,,41.5,41.5,1995-12-31,62.9,21.4,,412,,130.40000000000003,
AJG,1994,1994-12-31,188.9,63.6,0.54,55,167.5,-1.7,34.5,34.5,1994-12-31,53.2,18.7,,356.4,,112.49999999999997,
AJG,1993,1993-12-31,160.9,64,0.5,53.1,156.7,-1.9,32.3,32.3,1993-12-31,51.2,19,,317.7,,103.70000000000002,
AJG,1992,1992-12-31,141.1,59.6,0.39,38.5,131.6,-2.4,23.5,23.5,1992-12-31,36.1,12.6,,272.7,,93.1,
AJG,1991,1991-12-31,120.4,57.4,0.33,28.7,111.3,-2.3,18.8,18.8,1991-12-31,26.5,7.7,,231.7,,82.6,
AJG,1990,1990-12-31,99,49.8,0.36,29.3,99.2,-2,17.7,17.7,1990-12-31,27.2,9.5,,198.2,,69.9,
AJG,1989,1989-12-31,84.7,48.6,0.35,28.6,88.5,-2,17.3,17.3,1989-12-31,26.5,9.3,,173.2,,59.89999999999999,
AJG,1988,1988-12-31,76.2,51.1,0.33,26.1,79.8,-2.1,16.9,16.9,1988-12-31,24,7.1,,156,,53.7,
AJG,1987,1987-12-31,61.7,50,0.32,28.6,73,-2,16.2,16.2,1987-12-31,26.6,10.4,,134.7,,44.3,
AJG,1986,1986-12-31,53.8,48.8,0.32,27.8,65,-2.1,15.4,15.4,1986-12-31,25.7,10.3,,118.8,,37.3,
AJG,1985,1985-12-31,39.1,44.2,0.22,17.5,42.4,-2.1,9.9,9.9,1985-12-31,15.4,5.6,,81.6,,24.999999999999993,
AJG,1984,1984-12-31,32.6,38.9,0.16,11,31.6,-2.1,6.3,6.3,1984-12-31,8.9,2.6,,64.2,,20.6,
AJG,1983,1983-12-31,28.7,13.7,0.31,7.5,24.7,-1.3,4.3,4.3,1983-12-31,6.1,1.9,,53.4,,17.2,
AIZ,2019,2019-12-31,,62.31347,6.6727,828.1,,-273.6,382.6,386.8,2019-12-31,554.5,167.7,,,3210.1,9261.3,
AIZ,2018,2018-12-31,,59.54552,4.00966,433.8,,-100.3,251,254.1,2018-12-31,333.5,79.4,,,2980.4,7624.4,
AIZ,2017,2017-12-31,,55.31103,6.2066,494,,-49.5,519.6,342.6,2017-12-31,444.5,101.9,,,2710.4,5921.9,
AIZ,2016,2016-12-31,,61.93477,9.44984,906.207,,-57.619,565.35,565.35,2016-12-31,848.588,283.238,,,3442.756,6632.447,
AIZ,2015,2015-12-31,,69.01721,2.10223,256.297,,-55.116,141.555,141.555,2015-12-31,201.181,59.626,,,3924.089,10074.221,
AIZ,2014,2014-12-31,,73,6.44,803,,-58,471,471,2014-12-31,744,273,,,3688,9579,
AIZ,2013,2013-12-31,,78,6.33,867,,-78,489,489,2013-12-31,790,301,,,3034,8185,
AIZ,2012,2012-12-31,,85,5.67,818,,-60,484,484,2012-12-31,758,274,,,2632,7690,
AIZ,2011,2011-12-31,,98,5.58,775,,-60,546,546,2011-12-31,715,169,,,2239,7497,
AIZ,2010,2010-12-31,,111,3.77,667,,-61,279,279,2010-12-31,606,327,,,2333,7861,
AIZ,2009,2009-12-31,,118,3.63,770,,-61,431,431,2009-12-31,710,279,,,2316,7930,
AIZ,2008,2008-12-31,,119,3.76,624,,-61,448,448,2008-12-31,563,115,,,2226,7977,
AIZ,2007,2007-12-31,,122,5.38,1072,,-61,654,654,2007-12-31,1011,357,,,2184,7381,
AIZ,2006,2006-12-31,,129,5.9,1157,,-61,717,716,2006-12-31,1096,380,,,2190,6914,
AIZ,2005,2005-12-31,,137,3.74,717,,-61,479,479,2005-12-31,656,176,,,2146,6781,
AIZ,2004,2004-12-31,,138,2.53,592,,-56,351,351,2004-12-31,536,185,,,2107,6811,
AIZ,2003,2003-12-31,,142,1.3,261,,-1,186,186,2003-12-31,259,74,,,1920,6806,
AIZ,2002,2002-12-31,,142,1.83,370,,0,-1001,260,2002-12-31,370,111,,,1738,6162,
AIZ,2001,2001-12-31,,142,1.49,220,,-14,98,98,2001-12-31,206,108,,,1621,5967,
AIZ,2000,2000-12-31,,142,1.38,219,,-25,90,90,2000-12-31,194,105,,,1801,5993,
T,2019,2019-12-31,84141,7348,2.23066,27955,97052,-8215,13903,14975,2019-12-31,18468,3493,,181193,39490,69097,-1272
T,2018,2018-12-31,79419,6806,2.89205,26922,91337,-8185,19370,19235,2018-12-31,24873,5638,,170756,36678,64415,6136
T,2017,2017-12-31,77810,6183,1.97536,19970,82736,-6405,29450,9576,2017-12-31,15139,5563,,160546,35290,62766,1574
T,2016,2016-12-31,76884,6189,2.2528,24347,86902,-4694,12976,13333,2016-12-31,19812,6479,,163786,36310,62555,-25
T,2015,2015-12-31,67046,5646,2.37588,24785,79755,-4041,13345,13687,2015-12-31,20692,7005,,146801,32954,54970,-52
T,2014,2014-12-31,60611,5221,1.46,11746,71836,-3438,6224,6518,2014-12-31,9960,3442,,132447,39697,60090,1652
T,2013,2013-12-31,51464,5385,3.39,30479,77288,-3298,18249,18553,2013-12-31,27777,9224,,128752,28414,46809,596
T,2012,2012-12-31,55215,5821,1.38,12940,72219,-2557,7264,7539,2012-12-31,10439,2900,,127434,41079,59279,56
T,2011,2011-12-31,57374,5950,1.41,9218,69349,-2581,3944,4184,2011-12-31,6716,2532,,126723,38844,60131,79
T,2010,2010-12-31,52263,5938,3.33,19573,72017,-2232,19864,19400,2010-12-31,18238,-1162,,124280,33065,52444,897
T,2009,2009-12-31,50405,5924,2.19,21390,72613,-2533,12535,12843,2009-12-31,18999,6156,,123018,31407,51223,142
T,2008,2008-12-31,49895,5958,2.3,22596,74133,-2864,12867,12867,2008-12-31,19903,7036,,124028,31187,51537,50
T,2007,2007-12-31,46055,6170,1.94,20404,72873,-2815,11951,11951,2007-12-31,18204,6253,,118928,30892,52469,615
T,2006,2006-12-31,27349,3902,1.89,10288,35706,577,7356,7356,2006-12-31,10881,3525,,63055,15511,25418,16
T,2005,2005-12-31,19190,3379,1.42,6168,24672,-464,4786,4786,2005-12-31,5718,932,,43862,10861,18504,14
T,2004,2004-12-31,17383,3322,1.44,5901,23404,342,5887,4979,2004-12-31,7165,2186,,40787,9299,17503,4
T,2003,2003-12-31,16653,3329,1.44,6469,24190,615,8505,5971,2003-12-31,8901,2930,,40843,9851,17721,42
T,2002,2002-12-31,16362,3348,2.08,8623,26776,1100,5653,7473,2002-12-31,10457,2984,,43138,9575,18153,15
T,2001,2001-12-31,25943,3396,2.17,10888,19965,678,7242,7260,2001-12-31,11357,4097,,45908,,9077,-51
T,2000,2000-12-31,30985,3433,1.91,10743,20491,-416,7967,7967,2000-12-31,12888,4921,,51476,,9748,248
T,1999,1999-12-31,29338,3458,1.9,11598,20151,-518,8159,6573,1999-12-31,10853,4280,,49489,,8553,-227
T,1998,1998-12-31,16714,1984,2.05,6886,12063,-757,4023,4068,1998-12-31,6374,2306,,28777,,5177,245
T,1997,1997-12-31,9488,1845,0.8,3170,15368,-746,1474,1474,1997-12-31,2337,863,,24856,7276,12198,-87
T,1996,1996-12-31,4135,1214,1.73,3556,9763,-228,2101,2101,1996-12-31,3267,1166,,13898,3967,6207,-61
T,1995,1995-12-31,3806,1218,1.55,3037,8864,-359,-930,1889,1995-12-31,2792,903,,12670,3657,5827,114
T,1994,1994-12-31,3747,1203,1.37,2790,7872,-257,1649,1649,1994-12-31,2434,785,,11619,3044,5081,-99
T,1993,1993-12-31,3388,1200,1.2,2360,7453,-247,-845,1435,1993-12-31,2060,625,,10840,3085,5092,-54
T,1992,1992-12-31,3423,1200,1.08,2197,6592,,1302,1302,1992-12-31,1870,568,,10015,2552,4395,-328
T,1991,1991-12-31,3160,1200,0.96,2134,6172,,1076,1157,1991-12-31,1644,488,,9332,2273,4038,-489
T,1990,1990-12-31,3203,1202,0.92,2042,5910,,1101,1101,1990-12-31,1541,440,,9113,2177,3868,-501
T,1989,1989-12-31,2902,1202,0.91,2008,5828,,1093,1093,1989-12-31,1480,387,,8730,1929,3820,-528
T,1988,1988-12-31,2883,1202,0.88,1957,5570,,1060,1060,1988-12-31,1410,350,,8453,1768,3613,-547
T,1987,1987-12-31,2768,1202,0.87,2081,5235,,1047,1047,1987-12-31,1591,543,,8003,1477,3154,-490
T,1986,1986-12-31,2750,1196,0.86,2197,5153,,1023,1023,1986-12-31,1734,711,,7902,1529,2955,-463
T,1985,1985-12-31,3057,1195,0.83,2123,4869,,996,996,1985-12-31,1651,655,,7925,1443,2745,-472
T,1984,1984-12-31,2750,1172,0.75,1938,4442,,883,883,1984-12-31,1463,579,,7191,1362,2504,-475
ATO,2019,2019-09-30,858.837,117.461,4.35029,746.058,,-103.153,511.406,511.406,2019-09-30,650.309,138.903,,2901.848,,1296.953,7.404
ATO,2018,2018-09-30,1167.848,111.012,3.99688,723.134,,-106.646,603.064,444.282,2018-09-30,611.144,166.862,,3115.546,,1224.5639999999999,-5.344
ATO,2017,2017-09-30,925.536,106.1,3.60249,727.546,,-120.182,396.421,382.711,2017-09-30,604.094,221.383,,2759.735,,1106.6530000000002,-3.27
ATO,2016,2016-09-30,746.192,103.524,3.33268,657.23,,-114.812,350.104,345.542,2016-09-30,542.184,196.642,,2454.648,,1051.2259999999999,-0.234
ATO,2015,2015-09-30,1295.675,101.892,2.99371,612.232,,-116.241,315.075,305.623,2015-09-30,495.172,189.549,,2926.985,,1019.0780000000002,-0.819
ATO,2014,2014-09-30,3358.5,97.6,2.96,611.3,,-129.3,289.8,289.8,2014-09-30,476.8,187,,4940.9,,971.1000000000004,-5.2
ATO,2013,2013-09-30,2474.2,91.7,2.51,501.9,,-128.4,243.2,230.7,2013-09-30,373.3,142.6,,3886.3,,910.2000000000003,-0.2
ATO,2012,2012-09-30,2114.7,91.2,2.14,446.2,,-141.2,216.7,192.2,2012-09-30,290.4,98.2,,3438.5,,877.5,-14.6
ATO,2011,2011-09-30,3020.4,90.7,2.38,441.9,,-150.8,207.6,198.9,2011-09-30,312.6,113.7,,4347.6,,885.2999999999997,21.5
ATO,2010,2010-09-30,3424.7,92.4,2.2,489.4,,-154.5,205.8,205.8,2010-09-30,334.6,128.8,,4789.7,,875.6000000000004,-0.3
ATO,2009,2009-09-30,3622.4,92,2.11,447.4,,-152.8,191,191,2009-09-30,291.3,100.3,,4969.1,,899.2999999999997,-3.3
ATO,2008,2008-09-30,5900,90.3,2,427.9,,-137.9,180.3,180.3,2008-09-30,292.7,112.4,,7221.3,,893.3999999999996,2.7
ATO,2007,2007-09-30,4648.3,87.7,1.97,398.6,,-145.2,168.5,168.5,2007-09-30,262.6,94.1,,5898.4,,851.5,9.2
ATO,2006,2006-09-30,4935.8,81.4,1.99,382.6,,-146.6,147.7,147.7,2006-09-30,236.9,89.2,,6152.4,,833.8999999999996,0.9
ATO,2005,2005-09-30,3844.2,79,1.72,348.7,,-132.7,135.8,135.8,2005-09-30,218,82.2,,4973.3,,780.5,2
ATO,2004,2004-09-30,2357.8,54.4,1.58,193.7,,-65.4,86.2,86.2,2004-09-30,137.8,51.5,,2920,,368.5,9.5
ATO,2003,2003-09-30,2264.9,46.5,1.71,187.8,,-63.7,71.7,79.5,2003-09-30,126.4,46.9,,2799.9,,347.1999999999998,2.2
ATO,2002,2002-09-30,558.2,41.3,1.45,155.3,,-59.2,59.7,59.7,2002-09-30,94.8,35.2,,950.8,,237.29999999999995,-1.3
ATO,2001,2001-09-30,1067.6,38.2,1.47,130.3,,-38.9,56.1,56.1,2001-09-30,89.5,33.4,,1442.3,,244.4000000000001,-1.9
ATO,2000,2000-09-30,524.4,31.6,1.14,85.3,,-36.5,35.9,35.9,2000-09-30,56.2,20.3,,850.2,,240.39999999999998,7.4
ATO,1999,1999-09-30,390.4,30.8,0.64,54.2,,-29.1,17.7,17.7,1999-09-30,27.3,9.6,,690.2,,245.60000000000002,2.2
ATO,1998,1998-09-30,516.4,30,1.84,112.9,,-30.1,55.3,55.3,1998-09-30,87.1,31.8,,848.2,,218.89999999999998,4.3
ATO,1997,1997-09-30,577.2,29.4,0.81,66.6,,-28.2,23.8,23.8,1997-09-30,38.1,14.3,,906.8,,263,-0.3
ATO,1996,1996-09-30,306.7,15.9,1.51,52.3,,-14.6,23.9,23.9,1996-09-30,37.3,13.3,,483.7,,124.80000000000001,-0.4
ATO,1995,1995-09-30,268.8,15.4,1.22,42,,-13.3,18.9,18.9,1995-09-30,28.4,9.6,,435.8,,125.09999999999997,-0.2
ATO,1994,1994-09-30,331.6,15.2,0.97,34.6,,-12.1,14.7,14.7,1994-09-30,22.8,8.1,,499.8,,133.59999999999997,0.3
ATO,1993,1993-09-30,255.5,14.3,1.1,35.5,,-10,15.7,15.7,1993-09-30,25.1,9.4,,388.5,,97.5,-0.3
ATO,1992,1992-09-30,221.5,13.8,0.73,25.2,,-10.6,10,10,1992-09-30,14.9,4.9,,340.1,,93.39999999999998,0.3
ATO,1991,1991-09-30,225.4,9.9,0.8,21.1,,-10.1,7.9,7.9,1991-09-30,10.9,3,,336,,89.6,0
ATO,1990,1990-09-30,239.5,9.1,0.98,23.6,,-11,9,9,1990-09-30,13.2,4.2,,352,,88.89999999999998,0.6
ATO,1989,1989-09-30,231.7,9.1,0.88,21.2,,-10.1,8.1,8.1,1989-09-30,11.8,3.7,,342.4,,89.40000000000003,0.6
ATO,1988,1988-09-30,215.3,7,1.52,26.8,,-10.7,10.6,10.6,1988-09-30,17.1,6.5,,322.8,,80.69999999999999,1
ATO,1987,1987-09-30,156.8,6.1,0.88,14.8,,-4.5,5.4,5.4,1987-09-30,10.6,5.2,,232.9,,61.29999999999998,0.2
ATO,1986,1986-09-30,166.7,5.8,0.64,9.2,,-3.3,3.7,3.7,1986-09-30,6.1,2.4,,236.4,,60.400000000000006,0.2
ATO,1985,1985-09-30,225.7,5.7,1.25,12.7,,-1.1,7,7,1985-09-30,12.1,5,,287.1,,48.69999999999999,0.4
ATO,1984,1984-09-30,257.2,5.6,0.86,9.3,,-2.3,4.9,4.9,1984-09-30,8.3,3.4,,314.4,,47.900000000000034,1.3
ATO,1983,1983-10-18,173,5.6,1.03,5,,0,8.4,5.8,1983-10-18,5.8,0,,218.4,,40.400000000000006,0.8
ADSK,2020,2020-01-31,324.9,222.5,1.10472,343,2949.4,-53.4,214.5,224.1,2020-01-31,294.8,70.7,851.1,3274.3,1715.9,2606.4,5.2
ADSK,2019,2019-01-31,285.9,218.9,-0.31779,-25,2283.9,-34.5,-80.8,-96.8,2019-01-31,-42.7,54.1,725,2569.8,1524,2308.9,16.8
ADSK,2018,2018-01-31,303.4,219.5,-0.44344,-509.1,1753.2,-54.2,-566.9,-158.5,2018-01-31,-557.3,-398.8,755.5,2056.6,1392.5,2262.2999999999997,6
ADSK,2017,2017-01-31,341.9,222.7,-2.37887,-499.6,1689.1,-32.7,-582.1,-582.1,2017-01-31,-523.8,58.3,766.1,2031,1310.3,2188.7,8.5
ADSK,2016,2016-01-31,370.7,226,-1.46239,1.3,2133.4,-30.1,-330.5,-330.5,2016-01-31,-20.3,310.2,790,2504.1,1308.9,2132.1000000000004,8.5
ADSK,2015,2015-01-31,342.1,232.4,0.36513,120.7,2170.1,-40.4,81.8,81.8,2015-01-31,83,1.2,725.2,2512.2,1281.3,2049.4,2.7
ADSK,2014,2014-01-31,274.3,229.6,1.05,284.8,1999.6,-7.6,228.8,228.8,2014-01-31,279.9,51.1,611.1,2273.9,1090.9,1714.8,2.7
ADSK,2013,2013-01-31,238.5,231.7,1.22,305.9,2073.7,3.4,247.4,247.4,2013-01-31,310,62.6,600,2312.2,1123.9,1767.8,0.7
ADSK,2012,2012-01-31,229.1,233.3,1.22,355.6,1986.5,4.6,285.3,285.3,2012-01-31,362.9,77.6,566.5,2215.6,1065.7,1630.9,2.7
ADSK,2011,2011-01-31,196.6,234.2,0.94,271.4,1755.2,-3.1,212,212,2011-01-31,272,60,496.2,1951.8,976.8,1483.8000000000002,3.7
ADSK,2010,2010-01-31,191.8,232.1,0.45,65.6,1521.9,15,58,58,2010-01-31,84.7,26.7,457.5,1713.7,929.6,1456.3,4.1
ADSK,2009,2009-01-31,219.1,230.1,1.47,238.6,2096.1,12.6,183.6,183.6,2009-01-31,252.5,68.9,576.1,2315.2,1106.4,1857.5,1.3
ADSK,2008,2008-01-31,206.9,242,1.48,441.6,1965,25.1,356.2,356.2,2008-01-31,470,113.8,485.3,2171.9,1034.1,1523.3999999999999,3.3
ADSK,2007,2007-01-31,216.6,243.2,1.19,349.7,1623.2,14,289.7,289.7,2007-01-31,366.5,76.8,406.3,1839.8,867.2,1273.5,2.8
ADSK,2006,2006-01-31,170.9,247.5,1.33,369.8,1352.3,13.2,328.9,328.9,2006-01-31,383,54.1,301.6,1523.2,680.9,982.5000000000001,
ADSK,2005,2005-01-31,169.4,247,0.99,237.3,1064.3,8.5,221.5,221.5,2005-01-31,246.3,24.8,239.4,1233.8,563.3,827.1,0.5
ADSK,2004,2004-01-31,148.1,231.3,0.54,106.2,803.5,14.7,120.3,120.3,2004-01-31,123.2,2.9,209.3,951.6,484.2,697.3,2.3
ADSK,2003,2003-01-31,140.2,229.6,0.25,21.5,684.8,16.9,31.9,31.9,2003-01-31,38.5,6.6,173,824.9,460.7,663.2,
ADSK,2002,2002-01-31,151.2,224.6,0.58,95.3,796.3,21.9,90.3,91.5,2002-01-31,126.7,35.2,168.6,947.5,475,701,
ADSK,2001,2001-01-31,150.2,234.1,0.47,140,786.1,21,93.2,109.5,2001-01-31,161.1,51.5,170.5,936.3,450.3,646.0999999999999,
ADSK,2000,2000-01-31,143.9,245.6,0.25,0.8,676.3,23.2,9.8,9.8,2000-01-31,23.9,14.1,164,820.2,446.2,675.5,
ADSK,1999,1999-01-31,76.4,195.6,0.57,133,663.8,13.5,90.6,90.6,1999-01-31,146.6,55.9,142.8,740.2,384.2,530.7,
ADSK,1998,1998-01-31,70.9,199.4,0.31,45.4,546.3,9.6,15.4,15.4,1998-01-31,55,39.6,122.4,617.1,320.4,500.9,
ADSK,1997,1997-01-31,64.2,188.8,0.26,59.8,432.5,6.7,41.6,41.6,1997-01-31,66.5,24.9,93.7,496.7,274.2,372.7,
ADSK,1996,1996-01-31,66.8,199.2,0.48,129,467.4,9.3,87.8,87.8,1996-01-31,138.3,50.5,78.7,534.2,259.7,338.3,
ADSK,1995,1995-01-31,61.7,199.4,0.37,81.9,392.9,7.2,56.6,56.6,1995-01-31,89.1,32.5,65.2,454.6,220.3,311,
ADSK,1994,1994-01-31,63.3,199,0.31,89.7,342.3,7.1,62.2,62.2,1994-01-31,96.8,34.6,56.2,405.6,196.3,252.59999999999997,
ADSK,1993,1993-01-31,63.7,199.2,0.22,58.2,289.5,11.6,43.9,43.9,1993-01-31,69.8,25.9,51.5,353.2,179.8,231.3,
ADSK,1992,1992-01-31,39.2,199.9,0.29,80.2,234.8,12.1,57.8,57.8,1992-01-31,92.3,34.5,34.8,274,119.8,154.5,
ADSK,1991,1991-01-31,27.6,197.5,0.29,81,202.8,11,56.8,56.8,1991-01-31,92,35.2,24.4,230.4,97.4,121.80000000000001,
ADSK,1990,1990-01-31,22.5,194.6,0.24,67,151,9.4,46.4,46.4,1990-01-31,76.4,30,21.3,173.5,62.7,84,
ADSK,1989,1989-01-31,14.5,193.1,0.17,46.9,102.8,7.2,32.7,32.7,1989-01-31,54.2,21.5,10.9,117.3,45,55.900000000000006,
ADSK,1988,1988-01-31,10.6,185.4,0.11,31.2,68.7,3.8,20.5,20.5,1988-01-31,35,14.5,7.2,79.3,30.3,37.4,
ADSK,1987,1987-01-31,7.9,168.2,0.07,21.6,44.5,1.3,11.6,11.6,1987-01-31,22.9,11.3,3.4,52.4,19.5,22.799999999999997,
ADSK,1986,1986-01-31,4.6,151.9,0.04,12.4,24.9,0.6,6.5,6.5,1986-01-31,13,6.5,1.7,29.5,10.9,12.500000000000002,
ADSK,1985,1985-01-31,1.5,132,0.01,2.8,8.4,0.1,1.6,1.6,1985-01-31,2.9,1.3,1.2,9.9,4.3,5.6,
ADSK,1984,1984-01-31,0.2,127.2,0,0.1,1,0,0.1,0.1,1984-01-31,0.1,0,0.2,1.2,0.6,0.9000000000000001,
ADP,2020,2020-06-30,8427.1,432.7,6.08112,3111.8,6162.7,-9.5,2466.5,2460.2,2020-06-30,3182.6,722.4,18,14589.8,3003,3050.8999999999996,74.5
ADP,2019,2019-06-30,8002.4,437.6,5.65379,3012.3,6107.8,-17.5,2292.8,2293.3,2019-06-30,3005.6,712.3,19.2,14110.2,3064.2,3095.5,6.7
ADP,2018,2018-06-30,7733.6,443.3,4.66381,2557.4,5540.6,-21.7,1884.9,2068.1,2018-06-30,2282.6,214.5,23.8,13274.2,2959.4,2983.199999999999,-253.8
ADP,2017,2017-06-30,7226.3,450.3,3.9738,2559.1,5145.7,-1.1,1787.8,1787.8,2017-06-30,2616.9,829.1,18.2,12372,2683.8,2586.5999999999995,58.9
ADP,2016,2016-06-30,6823.2,459.1,3.19029,2219.6,4844.6,1.2,1492.5,1493.4,2016-06-30,2234.7,741.3,17.1,11667.8,2637,2625.000000000001,
ADP,2015,2015-06-30,6407.2,475.8,2.89302,2014,4531.3,56.7,1452.5,1376.5,2015-06-30,2070.7,694.2,20.4,10938.5,2496.9,2517.3,
ADP,2014,2014-06-30,6249,483,3.13,2208,5958,67,1516,1503,2014-06-30,2275,772,718,12207,2762,3750,
ADP,2013,2013-06-30,6397,487,2.85,1998,4913,84,1406,1364,2013-06-30,2084,720,,11310,2621,2915,
ADP,2012,2012-06-30,6240,492,2.74,2020,4425,102,1389,1389,2012-06-30,2122,734,,10665,2466,2405,
ADP,2011,2011-06-30,5732,498,2.53,1817,4148,116,1254,1254,2011-06-30,1933,679,,9880,2323,2330,
ADP,2010,2010-06-30,5030,504,2.42,1756,3898,107,1211,1207,2010-06-30,1863,656,,8928,2127,2142,
ADP,2009,2009-06-30,4840,506,2.62,1835,4028,70,1333,1328,2009-06-30,1905,577,,8867,2198,2193,
ADP,2008,2008-06-30,4680,527,2.18,1744,4096,68,1236,1162,2008-06-30,1812,650,,8777,2370,2352,
ADP,2007,2007-06-30,4087,558,1.83,1545,3713,78,1139,1021,2007-06-30,1624,602,,7800,2206,2168,
ADP,2006,2006-06-30,5168,580,1.85,1674,3714,69,1554,1072,2006-06-30,1743,671,,8882,2035,2040,
ADP,2005,2005-06-30,4898,590,1.75,1678,3601,,1055,1055,2005-06-30,1678,622,,8499,1957,1923,
ADP,2004,2004-06-30,4413,599,1.56,1431,3342,64,936,936,2004-06-30,1495,559,,7755,1903,1911,
ADP,2003,2003-06-30,3871,606,1.68,1548,3276,98,1018,1018,2003-06-30,1645,627,,7147,1758,1728,
ADP,2002,2002-06-30,3725,631,1.75,1689,3280,98,1101,1101,2002-06-30,1787,686,,7004,1607,1590,
ADP,2001,2001-06-30,3735,646,1.44,1539,3282,-14,925,925,2001-06-30,1525,600,,7018,1665,1743,
ADP,2000,2000-06-30,3309,646,1.31,1303,2978,-13,841,841,2000-06-30,1290,449,,6288,1643,1676,
ADP,1999,1999-06-30,3061,637,1.1,1104,2479,-19,697,697,1999-06-30,1085,388,,5540,1375,1376,
ADP,1998,1998-06-30,2683,621,0.99,908,2115,-24,605,605,1998-06-30,884,279,,4798,1207,1207,
ADP,1997,1997-06-30,2243,613,0.89,752,1869,-28,514,514,1997-06-30,724,211,,4112,1088,1117,
ADP,1996,1996-06-30,1968,610,0.75,665,1599,-30,455,455,1996-06-30,635,181,,3567,934,933,
ADP,1995,1995-06-30,1543,570,0.69,559,1351,-24,395,395,1995-06-30,534,139,,2894,792,792,
ADP,1994,1994-06-30,1335,564,0.59,467,1134,-21,329,334,1994-06-30,446,112,,2469,666,667,
ADP,1993,1993-06-30,1200,565,0.52,406,1024,-20,294,294,1993-06-30,387,92,,2223,617,617,
ADP,1992,1992-06-30,1044,556,0.46,354,897,-12,256,256,1992-06-30,342,85,,1941,543,543,
ADP,1991,1991-06-30,969,560,0.41,308,803,-8,228,228,1991-06-30,300,72,,1772,495,495,
ADP,1990,1990-06-30,945,589,0.36,297,769,-12,212,212,1990-06-30,285,74,,1714,472,472,
ADP,1989,1989-06-30,965,594,0.32,291,713,-20,188,188,1989-06-30,272,84,,1678,421,421,
ADP,1988,1988-06-30,901,660,0.27,272,648,-17,170,170,1988-06-30,255,85,,1549,376,376,
ADP,1987,1987-06-30,807,661,0.21,242,577,-20,132,132,1987-06-30,222,90,,1384,335,335,
ADP,1986,1986-06-30,700,638,0.17,199,504,-16,106,106,1986-06-30,184,78,,1204,305,305,
ADP,1985,1985-06-30,602,572,0.15,163,428,-8,88,88,1985-06-30,155,67,,1030,264,265,
ADP,1984,1984-06-30,509,563,0.13,139,380,-6,75,75,1984-06-30,133,58,,889,240,241,
ADP,1983,1983-06-30,420,555,0.12,119,333,-4,65,65,1983-06-30,115,51,,753,214,214,
AZO,2020,2020-08-29,5861.214,24.093,74.6511,2417.679,6770.753,-201.165,1732.972,1732.972,2020-08-29,2216.514,483.542,,12631.967,4269.174,4353.0740000000005,
AZO,2019,2019-08-31,5498.742,25.498,63.08028,2216.137,6365.001,-184.804,1617.221,1608.421,2019-08-31,2031.333,422.912,,11863.743,3778.907,4148.864,
AZO,2018,2018-08-25,5247.331,27.424,41.80776,1810.856,5973.746,-174.527,1337.536,1146.536,2018-08-25,1636.329,489.793,,11221.077,3817.806,4162.889999999999,
AZO,2017,2017-08-26,5149.056,29.065,44.06912,2080.069,5739.62,-154.58,1280.869,1280.869,2017-08-26,1925.489,644.62,,10888.676,3336.5,3659.5510000000004,
AZO,2016,2016-08-27,5026.94,30.488,40.70477,2060.395,5608.736,-147.681,1241.007,1241.007,2016-08-27,1912.714,671.707,,10635.676,3250.944,3548.3410000000013,
AZO,2015,2015-08-29,4860.309,32.206,36.02562,1953.051,5327.031,-150.439,1160.241,1160.241,2015-08-29,1802.612,642.371,,10187.34,3373.98,3373.9800000000005,
AZO,2014,2014-08-30,4540,34,31.57,1830,4935,-168,1070,1070,2014-08-30,1663,593,,9475,3105,3105,
AZO,2013,2013-08-31,4407,37,27.79,1773,4741,-185,1016,1016,2013-08-31,1588,571,,9148,2968,2967,
AZO,2012,2012-08-25,4172,40,23.48,1629,4432,-176,930,930,2012-08-25,1453,523,,8604,2803,2803,
AZO,2011,2011-08-27,3954,44,19.47,1495,4119,-171,849,849,2011-08-27,1324,475,,8073,2625,2624,
AZO,2010,2010-08-28,3651,49,14.97,1319,3712,-159,738,738,2010-08-28,1161,422,,7363,2392,2392,
AZO,2009,2009-08-29,3400,56,11.73,1176,3416,-142,657,657,2009-08-29,1034,377,,6817,2240,2241,
AZO,2008,2008-08-30,3255,64,10.04,1124,3268,-117,642,642,2008-08-30,1007,366,,6523,2144,2144,
AZO,2007,2007-08-25,3106,70,8.53,1055,3064,-119,596,596,2007-08-25,936,340,,6170,2009,2009,
AZO,2006,2006-08-26,3010,76,7.5,1010,2939,-108,569,569,2006-08-26,902,333,,5948,1929,1928,
AZO,2005,2005-08-27,2918,80,7.18,976,2793,-102,571,571,2005-08-27,873,302,,5711,1817,1817,
AZO,2004,2004-08-28,2880,86,6.56,999,2757,-93,566,566,2004-08-28,906,340,,5637,1758,1758,
AZO,2003,2003-08-30,2942,97,5.34,918,2515,-85,518,518,2003-08-30,833,315,,5457,1597,1597,
AZO,2002,2002-08-31,2950,107,4,771,2375,-80,428,428,2002-08-31,691,263,,5326,1604,1605,
AZO,2001,2001-08-25,2805,114,2.22,388,2013,-101,176,176,2001-08-25,287,112,,4818,1499,1625,
AZO,2000,2000-08-26,2602,134,2,512,1880,-77,268,268,2000-08-26,435,168,,4483,1368,1369,
AZO,1999,1999-08-28,2385,150,1.63,433,1731,-45,245,245,1999-08-28,388,143,,4116,1298,1298,
AZO,1998,1998-08-29,1890,154,1.48,382,1353,-18,228,228,1998-08-29,364,136,,3243,971,971,
AZO,1997,1997-08-30,1559,153,1.28,321,1132,-9,195,195,1997-08-30,313,118,,2691,811,811,
AZO,1996,1996-08-31,1308,151,1.11,269,935,-2,167,167,1996-08-31,267,100,,2243,666,666,
AZO,1995,1995-08-26,1057,149,0.93,228,751,1,139,139,1995-08-26,228,90,,1808,523,523,
AZO,1994,1994-08-27,886,149,0.78,191,622,2,116,116,1994-08-27,193,77,,1508,431,431,
AZO,1993,1993-08-28,732,148,0.59,141,485,2,87,87,1993-08-28,143,56,,1217,344,344,
AZO,1992,1992-08-29,603,146,0.43,104,399,1,63,63,1992-08-29,104,41,,1002,296,296,
AZO,1991,1991-08-31,491,135,0.33,79,327,-7,44,44,1991-08-31,72,28,,818,247,248,
AZO,1990,1990-08-25,417,121,0.19,49,255,-11,23,23,1990-08-25,38,15,,672,206,205,
AZO,1989,1989-08-26,341,119,0.07,25,195,-10,9,9,1989-08-26,15,6,,536,170,170,
AZO,1988,1988-08-27,277,120,0.04,17,160,-9,5,5,1988-08-27,9,4,,437,143,143,
AVB,2019,2019-12-31,768.106,139.57155,4.47601,627.722,1556.52,8.652,785.974,786.103,2019-12-31,799.106,13.003,,2324.626,58.042,928.798,
AVB,2018,2018-12-31,770.56,138.28924,5.39955,583.424,1513.975,15.27,974.525,974.175,2018-12-31,974.015,-0.16,,2284.535,56.365,930.5510000000002,
AVB,2017,2017-12-31,725.321,138.06669,4.87035,564.365,1433.307,70.744,876.921,876.66,2017-12-31,876.801,0.141,,2158.628,50.673,868.9419999999999,
AVB,2016,2016-12-31,683.274,137.46164,4.70645,584.204,1361.981,64.962,1034.002,1033.708,2016-12-31,1034.013,0.305,,2045.255,45.771,777.7769999999999,
AVB,2015,2015-12-31,642.246,134.59318,4.34588,548.304,1213.782,70.018,742.038,741.733,2015-12-31,743.594,1.861,,1856.028,42.396,665.478,
AVB,2014,2014-12-31,589.306,131.2375,4.23955,434.335,1095.755,148.766,683.567,659.148,2014-12-31,668.516,9.368,,1685.061,41.425,661.4200000000001,
AVB,2013,2013-12-31,511,127.3,0.57,68.7,951.9,-11.2,353.1,57.8,2013-12-31,57.8,0,,1462.9,39.6,883.2,
AVB,2012,2012-12-31,368.3,98,2.69,229.4,670.4,20.9,423.9,264.8,2012-12-31,264.8,0,,1038.7,34.1,440.99999999999994,
AVB,2011,2011-12-31,358.4,90.8,1.87,147.1,610.3,5.1,441.6,165.9,2011-12-31,165.9,0,,968.7,29.4,463.20000000000005,
AVB,2010,2010-12-31,363.3,84.6,1.17,97.3,531.9,0.8,175.3,98.1,2010-12-31,98.1,0,,895.3,26.8,434.7,
AVB,2009,2009-12-31,339.7,80.6,1.49,70.1,511.9,1.4,155.6,76.4,2009-12-31,76.4,0,,851.6,28.7,441.7,
AVB,2008,2008-12-31,335.4,77.6,2.09,109.1,518.8,4.6,411.5,113.6,2008-12-31,113.6,0,,854.2,42.8,409.70000000000005,
AVB,2007,2007-12-31,317.6,79.9,2.99,189.5,495.1,59.2,358.2,249.3,2007-12-31,249.3,0,,812.7,28.5,305.6,
AVB,2006,2006-12-31,289.8,75.6,1.93,147.6,447.5,7.5,266.5,168.6,2006-12-31,168.6,0,,737.3,24.8,299.90000000000003,
AVB,2005,2005-12-31,257,74.8,1.34,102,413.6,7.2,322.4,109.2,2005-12-31,109.2,0,,670.7,25.8,311.70000000000005,
AVB,2004,2004-12-31,251.9,73.4,1.1,86.4,396.6,0.1,219.7,86.5,2004-12-31,86.5,0,,648.5,18.1,310.20000000000005,
AVB,2003,2003-12-31,235.4,70.2,1.3,74.2,374.3,27.3,271.5,101.5,2003-12-31,101.5,0,,609.7,13.7,300.1,
AVB,2002,2002-12-31,232.9,70.7,1.58,119.7,398.9,4,173.6,123.8,2002-12-31,123.8,0,,631.9,14.3,286.30000000000007,
AVB,2001,2001-12-31,214.1,69.8,2.22,179.1,424.6,7.7,249,249.6,2001-12-31,249.6,0,,638.7,15.2,248.50000000000003,
AVB,2000,2000-12-31,189.6,68.1,1.93,164.5,383.4,7.2,210.6,212.5,2000-12-31,212.5,0,,573,13,219.29999999999998,
AVB,1999,1999-12-31,176.9,66.1,1.58,116.9,327.4,10.2,172.3,174.3,1999-12-31,174.3,0,,504.3,9.5,210.70000000000002,
AVB,1998,1998-12-31,125.8,50.1,1.29,87.1,227.1,4.7,94.4,95.8,1998-12-31,95.8,0,,352.8,7.7,140,
AVB,1997,1997-12-31,38.5,22.5,1.4,39.4,83.4,,38.9,39.4,1997-12-31,39.4,0,,121.9,7,48.099999999999994,
AVB,1996,1996-12-31,25.3,15,1.06,20.5,55.1,,19.6,20.5,1996-12-31,20.5,0,,80.4,3.9,36.8,
AVB,1995,1995-12-31,16.8,11.6,0.7,9.1,35.3,,11.5,11.5,1995-12-31,11.5,0,,52.1,2.5,27.7,
AVB,1994,1994-12-31,11.9,11.5,0.59,6.8,24.1,,6.8,6.8,1994-12-31,6.8,0,,36.1,1.8,18.5,
AVB,1993,1993-12-31,8.7,10.1,-0.04,-0.4,15,,-0.4,-0.4,1993-12-31,-0.4,0,,23.7,0.3,16.6,
AVB,1992,1992-12-31,8.1,10.1,-0.32,-3.2,13,,-3.2,-3.2,1992-12-31,-3.2,0,,21.1,0.2,16.9,
AVB,1991,1991-12-31,6.9,10.1,-0.28,-2.8,11.7,,-2.8,-2.8,1991-12-31,-2.8,0,,18.6,0.2,15.499999999999998,
AVB,1990,1990-12-31,5.8,10.1,-0.33,-3.3,11.9,,-3.3,-3.3,1990-12-31,-3.3,0,,17.7,0.2,16,
AVB,1989,1989-12-31,5.5,10.1,-0.44,-4.5,11,,-4.5,-4.5,1989-12-31,-4.5,0,,16.5,0.3,16.3,
AVY,2019,2019-12-28,5166,85,7.37465,250.6,1904.1,,303.6,306.2,2019-12-28,249.5,-56.7,92.6,7070.1,984.3,1653.5,-1.1
AVY,2018,2018-12-29,5243.5,88.6,5.98864,659.6,1915.5,,467.4,473,2018-12-29,554.8,81.8,98.2,7159,1056.3,1255.8999999999996,-104.8
AVY,2017,2017-12-30,4801.6,90.1,5.34848,589.5,1812.2,,281.8,453.8,2017-12-30,589.5,135.7,93.4,6613.8,986.9,1222.6999999999998,
AVY,2016,2016-12-31,4386.8,90.7,4.01904,477.1,1699.7,,320.7,320.7,2016-12-31,477.1,156.4,89.7,6086.5,1003.7,1222.5999999999995,
AVY,2015,2016-01-02,4321.1,92.9,3.44708,408.9,1645.8,,274.3,274.4,2016-01-02,408.9,134.5,91.9,5966.9,1016.2,1236.8999999999996,
AVY,2014,2015-01-03,4679.1,95.7,3.11,364.4,1651.2,,248.9,251.1,2015-01-03,364.4,113.3,102.5,6330.3,1052.8,1286.7999999999993,
AVY,2013,2013-12-28,4502.3,100.1,2.69,363.1,1637.7,,215.8,244.3,2013-12-28,363.1,118.8,96,6140,1083,1274.5999999999995,
AVY,2012,2012-12-29,4458.5,103.5,2.05,255.5,1577.1,,215.4,169.1,2012-12-29,255.5,86.4,,6035.6,1179.4,1321.6000000000004,
AVY,2011,2011-12-31,4504.9,106.8,1.73,232.9,1521.4,,190.1,154.4,2011-12-31,232.9,78.5,,6026.3,1170.9,1288.5,
AVY,2010,2011-01-01,4686.7,106.8,3.21,351.3,1826,,316.9,316.9,2011-01-01,351.3,34.4,,6512.7,1370.4,1474.6999999999998,
AVY,2009,2010-01-02,4366.2,103.6,-0.79,-790.9,1586.5,,-746.7,-746.7,2010-01-02,-790.9,-44.2,,5952.7,1268.8,2377.4000000000005,
AVY,2008,2008-12-27,4983.4,98.7,3.1,270.6,1727,,266.1,266.1,2008-12-27,270.6,4.5,,6710.4,1304.3,1456.4000000000005,
AVY,2007,2007-12-29,4585.4,98.9,3.52,375.3,1722.4,,303.5,303.5,2007-12-29,375.3,71.8,,6307.8,1182.5,1347.1000000000004,
AVY,2006,2006-12-30,4047.5,100.4,3.51,425.6,1528.4,,367.2,352.5,2006-12-30,425.6,73.1,,5575.9,1011.1,1102.8000000000002,36.2
AVY,2005,2005-12-31,3852.4,100.5,2.9,366.8,1621.1,,226.4,291.8,2005-12-31,366.8,75,,5473.5,1132.8,1254.2999999999997,63.6
AVY,2004,2005-01-01,3761.4,100.5,2.78,373.4,1579.5,,279.7,279.7,2005-01-01,373.4,93.7,,5340.9,1112.4,1206.1,35.2
AVY,2003,2003-12-27,3304.6,100,2.43,334.9,1458,,267.9,242.8,2003-12-27,334.9,92.1,,4762.6,1034.9,1123.1,30.5
AVY,2002,2002-12-28,2853.2,99.4,2.59,364.8,1353.7,,257.2,257.2,2002-12-28,364.8,107.6,,4206.9,913.1,988.9000000000001,32.1
AVY,2001,2001-12-29,2563.1,98.6,2.47,359.8,1240.2,,243.2,243.4,2001-12-29,359.8,116.4,,3803.3,830.5,880.4000000000001,-0.3
AVY,2000,2000-12-30,2561.3,99.8,2.84,426.3,1332.2,,283.5,283.5,2000-12-30,426.3,142.8,,3893.5,851.3,905.8999999999996,0
AVY,1999,2000-01-01,2486.8,101.3,2.54,330.4,1281.4,,215.4,215.4,2000-01-01,330.4,115,,3768.2,842.6,951,
AVY,1998,1999-01-02,2315.4,104.1,2.15,336.7,1144.5,,223.3,223.3,1999-01-02,336.7,113.4,,3459.9,773.2,807.7999999999997,
AVY,1997,1997-12-27,2263,106.1,1.93,311.2,1082.7,,204.8,204.8,1997-12-27,311.2,106.4,,3345.7,739.8,771.5,
AVY,1996,1996-12-28,2204.2,107.6,1.62,270.6,1018.3,,175.9,175.9,1996-12-28,270.6,94.7,,3222.5,712.4,747.7000000000003,
AVY,1995,1995-12-31,2156.6,108.5,1.32,224.7,957.3,,143.7,143.7,1995-12-31,224.7,81,,3113.9,689.8,732.5999999999999,
AVY,1994,1994-12-31,1948.9,113.7,0.96,172.9,907.8,,109.4,109.4,1994-12-31,172.9,63.5,,2856.7,691.9,734.9000000000001,
AVY,1993,1994-01-01,1790.6,116,0.72,132.2,818.1,,84.4,83.3,1994-01-01,132.2,48.9,,2608.7,642.7,685.9000000000001,
AVY,1992,1992-12-31,1784.7,120.8,0.66,130.2,838.2,,80.1,80.1,1992-12-31,130.2,50.1,,2622.9,665.7,707.9999999999998,
AVY,1991,1991-12-31,1748.9,123.8,0.51,104.8,796.2,,63,63,1991-12-31,104.8,41.8,,2545.1,653.9,691.4000000000001,
AVY,1990,1990-12-31,1781.9,124,0.57,15.6,808.3,,5.9,5.9,1990-12-31,15.6,9.7,,2590.2,653.7,792.6999999999998,
AVY,1989,1989-11-30,1185.5,124.2,0.7,139.1,546.9,,86.5,86.5,1989-11-30,139.1,52.6,,1732.4,385.3,407.79999999999995,
AVY,1988,1988-11-30,1062.6,123.4,0.63,127.8,519.4,,77.7,77.7,1988-11-30,127.8,50.1,,1582,367.7,391.60000000000014,
AVY,1987,1987-11-30,981.4,120.6,0.38,77.9,484.2,,34.7,34.7,1987-11-30,77.9,43.2,,1465.5,359.5,406.19999999999993,
AVY,1986,1986-11-30,756.8,114.6,0.42,87.7,374.4,,48.6,48.6,1986-11-30,87.7,39,,1131.2,273.1,286.70000000000005,
AVY,1985,1985-11-30,620.8,114,0.42,82.7,311.9,,48.3,48.3,1985-11-30,82.7,34.4,,932.7,219,229.20000000000005,
AVY,1984,1984-11-30,608.6,113,0.42,78.9,304.4,,47.6,47.6,1984-11-30,78.9,31.4,,913,214.7,225.5,
AVY,1983,1983-11-30,543.3,108.6,0.32,59.2,261.9,,34.2,34.2,1983-11-30,59.2,25,,805.2,188.9,202.70000000000005,
BKR,2019,2019-12-31,19402,557,0.84363,1074,4436,-235,128,271,2019-12-31,753,482,,23838,2854,3362,-86
BKR,2018,2018-12-31,18891,429,1.09301,701,3986,-362,195,176,2018-12-31,541,365,,22877,2699,3285,202
BKR,2017,2017-12-31,14046,427,0.71487,-107,3213,-142,-73,-374,2017-12-31,-171,203,,17259,2535,3320,78
BKR,2016,2016-12-31,9973,434,-5.51348,-1862,-132,-178,-2738,-2736,2016-12-31,-2040,696,384,9841,815,1730,
BKR,2015,2015-12-31,14502,438,-1.55251,-2396,1240,-217,-1967,-1974,2015-12-31,-2613,-639,483,15742,1173,3636,
BKR,2014,2014-12-31,19746,439,4.01,2859,4805,-232,1719,1731,2014-12-31,2627,896,613,24551,1271,1946,
BKR,2013,2013-12-31,18553,444,2.47,1949,3811,-234,1096,1103,2013-12-31,1715,612,556,22364,1306,1862,
BKR,2012,2012-12-31,17356,441,2.97,2192,4005,-210,1311,1317,2012-12-31,1982,665,497,21361,1316,1813,
BKR,2011,2011-12-31,15264,438,4.2,2560,4567,-221,1739,1743,2011-12-31,2339,596,462,19831,1190,2007,
BKR,2010,2010-12-31,11184,395,2.27,1417,3230,-135,812,819,2010-12-31,1282,463,429,14414,1250,1813,
BKR,2009,2009-12-31,7397,311,1.7,732,2267,-121,421,421,2009-12-31,611,190,397,9664,1120,1535,
BKR,2008,2008-12-31,7954,309,5.37,2376,3910,-85,1635,1635,2008-12-31,2319,684,426,11864,1046,1534,
BKR,2007,2007-12-31,6846,320,4.73,2278,3583,-21,1514,1514,2007-12-31,2257,743,372,10428,933,1304,
BKR,2006,2006-12-31,5444,333,7.21,1934,3584,1803,2419,2399,2006-12-31,3737,1338,339,9027,1311,1649,
BKR,2005,2005-12-31,4643,341,2.56,1233,2543,46,878,874,2005-12-31,1279,405,300,7186,1010,1309,
BKR,2004,2004-12-31,4367,336,1.57,821,1736,-41,529,528,2004-12-31,781,252,,6104,915,916,
BKR,2003,2003-12-31,3855,336,0.61,564,1438,-235,129,180,2003-12-31,328,148,,5293,830,874,
BKR,2002,2002-12-31,3626,338,0.66,556,1395,-176,169,224,2002-12-31,380,157,,5020,841,838,
BKR,2001,2001-12-31,3832,337,1.3,730,1550,-68,438,439,2001-12-31,662,223,,5382,819,820,
BKR,2000,2000-12-31,4010,333,0.38,395,1224,-173,102,102,2000-12-31,236,134,,5234,760,829,
BKR,1999,1999-12-31,3678,330,0.11,207,869,-154,33,52,1999-12-31,84,32,,4547,655,662,
BKR,1998,1998-12-31,4711,322,-0.05,-136,1601,-145,-297,-297,1998-12-31,-281,16,,6312,1302,1737,
BKR,1997,1997-12-31,675,178,0.51,142,459,-14,79,79,1997-12-31,128,49,,1133,306,317,
BKR,1996,1997-09-30,2256,155,1.85,260,1429,-47,97,109,1997-09-30,213,104,,3685,967,1170,
BKR,1995,1996-09-30,1683,145,1.4,307,1345,-52,176,176,1996-09-30,299,123,87,3028,882,1038,
BKR,1994,1995-09-30,1464,141,0.88,256,1173,-51,105,120,1995-09-30,205,85,84,2637,804,918,
BKR,1993,1994-09-30,1496,141,1.07,207,1009,-64,43,131,1994-09-30,226,95,,2505,771,802,83
BKR,1992,1993-09-30,1652,140,0.6,201,1049,-65,59,59,1993-09-30,100,41,,2702,812,849,-36
BKR,1991,1992-09-30,1531,139,0.23,173,1008,-68,5,5,1992-09-30,32,27,,2539,803,834,-73
BKR,1990,1991-09-30,1666,138,1.46,295,1163,-84,173,173,1991-09-30,212,39,,2828,839,867,0
BKR,1989,1990-09-30,1636,128,1.17,243,978,-62,142,142,1990-09-30,180,38,,2614,721,735,-1
BKR,1988,1989-09-30,1513,119,0.68,169,815,-51,85,83,1989-09-30,118,35,,2328,640,646,0
BKR,1987,1988-09-30,1540,118,0.5,139,776,-61,103,59,1988-09-30,131,71,,2316,631,638,53
BKR,1986,1987-09-30,1392,116,-1.05,-275,531,-77,-262,-262,1987-09-30,-276,-14,,1924,598,807,77
BKR,1985,1986-09-30,1666,115,-7.71,-92,647,-96,-874,-962,1986-09-30,-1107,-144,,2313,727,738,-919
BKR,1984,1985-09-30,2054,115,0.8,261,1111,-119,89,89,1985-09-30,141,52,,3165,850,850,0
BLL,2019,2019-12-31,9205,340.121,2.29773,932,2269,-317,566,537,2019-12-31,608,71,,11474,574,1337,-7
BLL,2018,2018-12-31,9337,352.321,1.87549,935,2298,-301,454,503,2018-12-31,633,130,,11635,567,1363,-1
BLL,2017,2017-12-31,8712,356.985,1.80048,802,2271,-285,374,432,2017-12-31,514,82,,10983,456,1469,-3
BLL,2016,2016-12-31,7292,322.884,1.1004,463,1769,-209,263,251,2016-12-31,125,-126,,9061,460,1306,-129
BLL,2015,2015-12-31,6460.3,281.968,1.59278,605.2,1536.7,-143.2,280.9,298.5,2015-12-31,345.5,47,,7997,451.3,931.5,-116.5
BLL,2014,2014-12-31,6908,285,1.87,839,1662,-160,470,496,2014-12-31,646,150,,8570,439,823,-33
BLL,2013,2013-12-31,6875,298,1.56,795,1593,-184,407,434,2013-12-31,584,150,,8468,411,798,-28
BLL,2012,2012-12-31,7174,316,1.68,791,1562,-180,404,431,2012-12-31,596,165,,8736,386,771,-15
BLL,2011,2011-12-31,7081,337,1.46,837,1550,-177,444,459,2011-12-31,660,201,,8631,381,713,0
BLL,2010,2010-12-31,6254,367,1.46,765,1376,-149,468,431,2010-12-31,606,176,,7630,357,611,-9
BLL,2009,2009-12-31,6072,380,1.05,655,1274,-117,388,375,2009-12-31,537,163,,7345,329,619,
BLL,2008,2008-12-31,6340,388,0.9,591,1221,-138,320,305,2008-12-31,453,147,,7562,288,631,
BLL,2007,2007-12-31,6227,411,0.76,514,1163,-149,281,269,2007-12-31,365,96,,7390,324,649,
BLL,2006,2006-12-31,5540,420,0.72,581,1081,-134,330,315,2006-12-31,447,132,,6622,287,500,
BLL,2005,2005-12-31,4803,439,0.65,480,949,-116,272,257,2005-12-31,364,106,,5751,234,468,
BLL,2004,2004-12-31,4434,455,0.63,539,1007,-104,296,296,2004-12-31,435,139,,5440,268,467,
BLL,2003,2003-12-31,4093,457,0.52,446,884,-126,230,220,2003-12-31,320,100,,4977,222,438,
BLL,2002,2002-12-31,3230,460,0.34,311,629,-76,156,152,2002-12-31,235,84,,3859,171,318,
BLL,2001,2001-12-31,3142,439,0.2,-25,544,-88,-99,-104,2001-12-31,-114,-10,,3686,146,570,
BLL,2000,2000-12-31,3064,496,0.31,209,601,-95,68,71,2000-12-31,114,43,,3665,156,392,
BLL,1999,1999-12-31,2988,519,0.22,279,596,-108,104,106,1999-12-31,171,65,,3584,155,317,
BLL,1998,1998-12-31,2426,521,0.15,106,471,-79,17,19,1998-12-31,27,9,,2896,137,365,
BLL,1997,1997-12-31,2121,517,0.1,139,267,-54,58,54,1997-12-31,86,32,,2389,137,128,
BLL,1996,1996-12-31,2007,533,0.05,63,177,-33,24,22,1996-12-31,30,7,,2184,93,115,
BLL,1995,1995-12-31,2339,480,0.11,22,252,-38,-19,-16,1995-12-31,-16,0,,2592,112,231,
BLL,1994,1994-12-31,2311,513,0.15,162,283,-42,73,75,1994-12-31,120,45,,2595,115,122,
BLL,1993,1993-12-31,2210,459,0.08,-6,224,-46,-65,-30,1993-12-31,-51,-21,,2434,121,229,
BLL,1992,1992-12-31,1920,417,0.14,140,250,-37,67,64,1992-12-31,102,38,,2169,110,110,
BLL,1991,1991-12-31,1740,370,0.14,139,278,-35,66,67,1991-12-31,104,38,,2018,139,139,
BLL,1990,1990-12-31,1165,350,0.14,86,192,-22,50,44,1990-12-31,63,20,,1357,97,107,
BLL,1989,1989-12-31,1079,367,0.09,60,144,-20,36,27,1989-12-31,39,13,,1222,84,84,
BLL,1988,1988-12-31,911,373,0.13,50,162,-11,51,24,1988-12-31,40,15,,1073,87,112,
BLL,1987,1987-12-31,859,378,0.19,119,195,-5,70,70,1987-12-31,114,43,,1054,77,76,
BLL,1986,1986-12-31,873,378,0.16,117,198,-6,59,59,1986-12-31,110,51,,1070,81,81,
BLL,1985,1985-12-31,922,375,0.14,102,185,-9,51,51,1985-12-31,93,41,,1106,83,83,
BLL,1984,1984-12-31,877,363,0.13,91,174,-9,46,46,1984-12-31,82,35,,1051,83,83,
BLL,1983,1983-12-31,751,359,0.11,84,158,-12,39,39,1983-12-31,72,33,,910,75,75,
BAC,2019,2019-12-31,,9442.9,3.00194,,,,27430,27430,2019-12-31,32754,5324,,,,,
BAC,2018,2018-12-31,,10236.9,2.64773,,,,28147,28147,2018-12-31,34584,6437,,,,,
BAC,2017,2017-12-31,,10778.4,1.74287,,,,18232,20185,2017-12-31,29213,9028,,,,,
BAC,2016,2016-12-31,,11046.806,1.56681,,,,17822,17822,2016-12-31,25021,7199,,,,,
BAC,2015,2015-12-31,,11236.23,1.31584,,,,15910,15910,2015-12-31,22187,6277,,,,,
BAC,2014,2014-12-31,,10585,1.45,,,,4833,4833,2014-12-31,6855,2022,,,,,
BAC,2013,2013-12-31,,11491,1.28,,,,11431,11431,2013-12-31,16172,4741,,,,,
BAC,2012,2012-12-31,,10841,0.51,,,,4188,4188,2012-12-31,3072,-1116,,,,,
BAC,2011,2011-12-31,,10255,0.27,,,,1446,1446,2011-12-31,-230,-1676,,,,,
BAC,2010,2010-12-31,,9790,0.64,,,,-2238,-2238,2010-12-31,-1323,915,,,,,
BAC,2009,2009-12-31,,7729,0.18,,,,6276,6276,2009-12-31,4360,-1916,,,,,
BAC,2008,2008-12-31,,4612,1.84,,,,4008,4008,2008-12-31,4428,420,,,,,
BAC,2007,2007-12-31,,4480,3.37,,,,14982,14982,2007-12-31,20924,5942,,,,,
BAC,2006,2006-12-31,,4596,4.71,,,,21133,21133,2006-12-31,31973,10840,,,,,
BAC,2005,2005-12-31,,4068,4.11,,,,16465,16465,2005-12-31,24480,8015,,,,,
BAC,2004,2004-12-31,,3824,3.8,,,,14143,14143,2004-12-31,21221,7078,,,,,
BAC,2003,2003-12-31,,3030,3.57,,,,10810,10810,2003-12-31,15861,5051,,,,,
BAC,2002,2002-12-31,,3131,2.95,,,,9249,9249,2002-12-31,12991,3742,,,,,
BAC,2001,2001-12-31,,3251,2.47,,,,6792,6792,2001-12-31,10117,3325,,,,,
BAC,2000,2000-12-31,,3330,2.36,,,,7517,7517,2000-12-31,11788,4271,,,,,
BAC,1999,1999-12-31,,3520,2.34,,,,7882,7882,1999-12-31,12215,4333,,,,,
BAC,1998,1998-12-31,,3552,1.77,,,,5165,5165,1998-12-31,8048,2883,,,,,
BAC,1997,1997-12-31,,1435,2.14,,,,3077,3077,1997-12-31,4796,1719,,,,,
BAC,1996,1996-12-31,,1180,2,,,,2375,2375,1996-12-31,3634,1259,,,,,
BAC,1995,1995-12-31,,1090,1.78,,,,1950,1950,1995-12-31,2991,1041,,,,,
BAC,1994,1994-12-31,,1099,1.53,,,,1690,1690,1994-12-31,2555,865,,,,,
BAC,1993,1993-12-31,,1032,1.25,,,,1501,1301,1993-12-31,1991,690,,,,,
BAC,1992,1992-12-31,,487,2.3,,,,1145,1145,1992-12-31,1396,251,,,,,
BAC,1991,1991-12-31,,905,0.19,,,,202,202,1991-12-31,109,-93,,,,,
BAC,1990,1990-12-31,,439,0.83,,,,366,366,1990-12-31,378,12,,,,,
BAC,1989,1989-12-31,,403,1.11,,,,447,563,1989-12-31,632,69,,,,,
BAC,1988,1988-12-31,,341,0.74,,,,252,249,1988-12-31,327,78,,,,,
BAC,1987,1987-12-31,,328,0.51,,,,167,167,1987-12-31,201,34,,,,,
BAC,1986,1986-12-31,,314,0.63,,,,199,199,1986-12-31,246,47,,,,,
BAC,1985,1985-12-31,,286,0.58,,,,164,164,1985-12-31,211,46,,,,,
BAC,1984,1984-12-31,,235,0.51,,,,119,119,1984-12-31,159,40,,,,,
BAC,1983,1983-12-31,,201,0.46,,,,92,92,1983-12-31,126,34,,,,,
BAX,2019,2019-12-31,6541,519,2.84008,1017,4821,-124,1001,817,2019-12-31,970,153,508,11362,2397,3804,77
BAX,2018,2018-12-31,6305,546,2.4359,1607,4794,-28,1546,1345,2018-12-31,1617,272,599,11099,2387,3187,38
BAX,2017,2017-12-31,6083,555,2.49009,1253,4501,-152,602,1194,2017-12-31,1100,-94,617,10584,2419,3248,-1
BAX,2016,2016-12-31,5929,551,3.03267,4979,4234,-22,4965,4966,2016-12-31,4954,-12,502,10163,2370,-745,-3
BAX,2015,2015-12-31,5832,549,1.35141,322,4136,-106,968,393,2015-12-31,428,35,602,9968,2832,3814,212
BAX,2014,2014-12-31,6191,547,1.0179,631,4528,-145,2497,457,2014-12-31,490,33,608,10719,3182,3897,4
BAX,2013,2013-12-31,7519,549,4.72,2638,7740,-128,2012,2012,2013-12-31,2549,537,1070,15259,3360,5102,39
BAX,2012,2012-12-31,6889,556,4.87,2691,7301,-87,2326,2326,2012-12-31,2889,563,1015,14190,3085,4610,285
BAX,2011,2011-12-31,6847,573,4.58,2809,7046,,2224,2256,2011-12-31,2809,553,946,13893,2937,4237,27
BAX,2010,2010-12-31,6885,594,3.69,1890,5958,,1420,1427,2010-12-31,1890,463,915,12843,2782,4068,53
BAX,2009,2009-12-31,6037,614,3.84,2734,6525,,2205,2215,2009-12-31,2734,519,917,12562,2682,3791,42
BAX,2008,2008-12-31,6218,637,3.18,2549,6130,-72,2014,2014,2008-12-31,2451,437,868,12348,2698,3581,-26
BAX,2007,2007-12-31,5744,654,2.68,2182,5519,-52,1707,1707,2007-12-31,2114,407,760,11263,2521,3337,-16
BAX,2006,2006-12-31,5641,656,2.14,1833,4737,-72,1397,1398,2006-12-31,1746,348,614,10378,2282,2904,-15
BAX,2005,2005-12-31,5756,629,1.41,1639,4093,-118,956,958,2005-12-31,1444,486,533,9849,2030,2454,-77
BAX,2004,2004-12-31,5594,618,1.82,606,3915,-99,388,383,2004-12-31,430,47,517,9509,1960,3309,-77
BAX,2003,2003-12-31,4951,606,1.94,1258,3953,-87,866,907,2003-12-31,1129,222,553,8904,1805,2695,-42
BAX,2002,2002-12-31,4318,618,1.97,1540,3792,-51,778,1033,2002-12-31,1397,364,501,8110,1562,2252,-92
BAX,2001,2001-12-31,4227,609,1.84,1024,3436,-69,612,664,2001-12-31,964,300,427,7663,1469,2412,9
BAX,2000,2000-12-31,3833,597,1.73,1011,3063,-85,740,738,2000-12-31,946,208,379,6896,1385,2052,20
BAX,1999,1999-12-31,3568,590,1.35,1150,2812,-87,797,779,1999-12-31,1052,273,332,6380,1311,1662,-11
BAX,1998,1998-12-31,3623,578,1.14,694,2976,-161,315,315,1998-12-31,549,234,379,6599,1426,2282,16
BAX,1997,1997-12-31,3340,564,1.24,653,2798,-163,300,300,1997-12-31,523,223,392,6138,1356,2145,33
BAX,1996,1996-12-31,3009,554,1.1,911,2429,-103,669,575,1996-12-31,793,218,340,5438,1142,1518,-15
BAX,1995,1995-12-31,2777,564,0.96,615,2271,-96,649,371,1995-12-31,524,153,345,5048,1084,1656,5
BAX,1994,1994-12-31,6032,560,1.53,1023,3292,,789,789,1994-12-31,994,205,343,9324,1859,2269,-29
BAX,1993,1993-12-31,5657,554,0.85,-91,3222,-192,-198,-268,1993-12-31,-330,-62,337,8879,1879,3313,-47
BAX,1992,1992-12-31,5230,558,1.13,1045,3241,,441,561,1992-12-31,753,192,317,8471,1812,2196,-292
BAX,1991,1991-12-31,5651,570,1.11,1088,3270,,591,591,1991-12-31,805,214,289,8921,1825,2182,-283
BAX,1990,1990-12-31,5197,506,0.83,362,2903,,40,40,1990-12-31,105,65,261,8100,1647,2541,-257
BAX,1989,1989-12-31,4754,566,1.37,766,2645,,730,730,1989-12-31,921,191,245,7399,1566,1879,155
BAX,1988,1988-12-31,4367,558,1.21,677,2494,,630,630,1988-12-31,760,130,238,6861,1511,1817,83
BAX,1987,1987-12-31,3981,484,1.12,624,2242,,542,534,1987-12-31,657,123,199,6223,1351,1618,33
BAX,1986,1986-12-31,3526,540,0.4,425,2017,,444,181,1986-12-31,260,79,203,5543,1331,1592,-165
BAX,1985,1985-12-31,1433,354,0.44,234,922,,137,137,1985-12-31,169,32,128,2355,529,688,-65
BAX,1984,1984-12-31,1042,282,0.44,84,758,,29,29,1984-12-31,24,-5,111,1800,418,674,-60
BAX,1983,1983-12-31,986,282,0.94,317,857,,265,265,1983-12-31,317,52,108,1843,432,540,0
BDX,2019,2019-09-30,9002,274.775,6.58976,1736,8288,-626,1233,1183,2019-09-30,1176,-7,1062,17290,4382,6552,66
BDX,2018,2018-09-30,8714,264.621,4.52679,1493,7269,-359,311,951,2018-09-30,1173,222,1004,15983,4146,5776,39
BDX,2017,2017-09-30,6128,223.588,4.83926,1449,5965,-432,1100,1100,2017-09-30,976,-124,770,12093,2919,4516,-41
BDX,2016,2016-09-30,6492,217.536,7.36785,1430,5991,-370,977,977,2016-09-30,1074,97,828,12483,3044,4561,14
BDX,2015,2015-09-30,5587,207.509,5.08053,1074,4695,-405,695,695,2015-09-30,739,44,632,10282,2607,3621,70
BDX,2014,2014-09-30,4145,198,5.99,1606,4301,-92,1185,1185,2014-09-30,1522,337,550,8446,2145,2695,8
BDX,2013,2013-09-30,3883,199,4.67,1255,4171,-98,1294,930,2013-09-30,1166,236,494,8054,2422,2916,9
BDX,2012,2012-09-30,3755,209,5.33,1558,3953,-98,1170,1110,2012-09-30,1472,363,472,7708,1923,2395,1
BDX,2011,2011-09-30,3737,226,5.61,1760,4092,-51,1271,1265,2011-09-30,1716,451,476,7829,1800,2332,4
BDX,2010,2010-09-30,3543,240,4.89,1663,3829,-26,1318,1176,2010-09-30,1661,485,431,7372,1689,2167,6
BDX,2009,2009-09-30,3398,247,4.92,1650,3763,-7,1232,1213,2009-09-30,1639,426,408,7161,1705,2113,-4
BDX,2008,2008-09-30,3493,253,4.46,1552,3663,3,1127,1128,2008-09-30,1554,426,396,7156,1715,2111,-1
BDX,2007,2007-09-30,3072,255,3.84,1203,3288,0,890,856,2007-09-30,1204,348,360,6360,1602,2085,1
BDX,2006,2006-09-30,2887,257,2.98,1039,2948,-12,752,756,2006-09-30,1035,279,360,5835,1537,1908,7
BDX,2005,2005-09-30,2662,261,2.66,1028,2753,-23,722,692,2005-09-30,1005,313,272,5415,1450,1725,0
BDX,2004,2004-09-30,2500,263,2.23,780,2434,-28,467,583,2004-09-30,753,170,236,4935,1411,1654,1
BDX,2003,2003-09-30,2336,264,2.07,749,2192,-37,547,547,2003-09-30,710,163,235,4528,1207,1443,-3
BDX,2002,2002-09-30,2084,268,1.85,676,1949,-33,480,480,2002-09-30,629,149,220,4033,1032,1273,-14
BDX,2001,2001-09-30,1913,269,1.63,646,1841,-55,402,438,2001-09-30,577,138,212,3754,983,1195,-14
BDX,2000,2000-09-30,1848,263,1.66,515,1770,2,393,393,2000-09-30,520,127,224,3618,974,1256,3
BDX,1999,1999-09-30,1712,265,1.25,445,1707,-72,276,276,1999-09-30,373,97,254,3418,932,1261,-1
BDX,1998,1998-09-30,1541,262,1.14,405,1576,-56,237,237,1998-09-30,341,104,218,3117,862,1170,-8
BDX,1997,1997-09-30,1413,260,1.15,451,1397,-39,300,300,1997-09-30,423,123,181,2811,766,947,11
BDX,1996,1996-09-30,1429,272,1.04,431,1341,-37,283,283,1996-09-30,394,110,154,2770,755,910,0
BDX,1995,1995-09-30,1436,285,0.88,397,1276,-43,252,252,1995-09-30,350,98,144,2713,735,880,-4
BDX,1994,1994-09-30,1400,303,0.82,325,1160,-48,227,227,1994-09-30,296,69,144,2559,660,834,19
BDX,1993,1993-09-30,1368,314,0.75,270,1097,-53,72,213,1993-09-30,223,10,139,2465,661,827,6
BDX,1992,1992-09-30,1302,315,0.63,329,1064,-49,201,201,1992-09-30,269,69,125,2365,610,735,-10
BDX,1991,1991-09-30,1172,315,0.6,314,1000,-50,190,190,1991-09-30,267,78,113,2172,573,686,4
BDX,1990,1990-09-30,1091,316,0.57,305,921,-40,182,182,1990-09-30,274,92,103,2013,513,616,9
BDX,1989,1989-09-30,983,317,0.5,256,828,-35,214,158,1989-09-30,228,70,98,1811,475,573,7
BDX,1988,1988-09-30,914,324,0.46,239,795,-38,162,149,1988-09-30,206,57,93,1709,463,556,5
BDX,1987,1987-09-30,855,332,0.44,219,727,-54,148,142,1987-09-30,209,67,82,1582,418,508,44
BDX,1986,1986-09-30,692,343,0.33,183,620,-15,122,112,1986-09-30,173,61,71,1312,366,437,5
BDX,1985,1985-09-30,626,339,0.26,138,518,0,88,88,1985-09-30,131,43,60,1144,321,380,-7
BDX,1984,1984-09-30,629,340,0.19,106,498,1,63,63,1984-09-30,93,30,58,1127,334,392,-14
BDX,1983,1983-09-30,650,345,0.1,81,469,-15,36,36,1983-09-30,34,-2,55,1120,333,388,-32
BBY,2020,2020-02-01,33590,268.1,5.8661,2009,10048,-16,1541,1541,2020-02-01,1993,452,,43638,7910,8039,
BBY,2019,2019-02-02,32918,281.4,5.43263,1900,9961,-12,1464,1487,2019-02-02,1888,401,,42879,7990,8061,
BBY,2018,2018-02-03,32275,307.1,4.19751,1843,9876,-26,1000,1282,2018-02-03,1817,535,,42151,8020,8033,
BBY,2017,2017-01-28,29963,322.6,3.54575,1854,9440,-38,1228,1207,2017-01-28,1816,609,,39403,7678,7586,
BBY,2016,2016-01-30,30334,350.7,2.63662,1375,9194,-65,897,807,2016-01-30,1310,503,,39528,7624,7819,
BBY,2015,2015-01-31,31292,353.6,3.53646,1450,9047,-63,1233,1246,2015-01-31,1387,141,,40339,7604,7597,
BBY,2014,2014-02-01,32720,348,2.27,1140,9690,-53,532,689,2014-02-01,1087,398,,42410,8391,8550,
BBY,2013,2013-02-02,34435,339,1.14,-125,10650,-61,-441,-417,2013-02-02,-186,231,,45085,9504,10775,
BBY,2012,2012-03-03,38113,366,-0.64,1085,12592,-42,-1231,334,2012-03-03,1043,709,,50705,10242,11507,
BBY,2011,2011-02-26,37611,417,3.43,2114,12661,-36,1277,1364,2011-02-26,2078,714,,50272,10325,10547,
BBY,2010,2010-02-27,37534,428,3.17,2235,12160,-40,1317,1393,2010-02-27,2195,802,,49694,9873,9925,
BBY,2009,2009-02-28,34017,423,2.75,1759,10998,-59,1003,1026,2009-02-28,1700,674,,45015,8984,9239,
BBY,2008,2008-03-01,30477,453,3.12,2161,9546,67,1407,1413,2008-03-01,2228,815,,40023,7385,7385,
BBY,2007,2007-03-03,27165,496,2.79,1999,8769,131,1377,1378,2007-03-03,2130,752,,35934,6770,6770,
BBY,2006,2006-02-25,23122,505,2.27,1644,7726,77,1140,1140,2006-02-25,1721,581,,30848,6082,6082,
BBY,2005,2005-02-26,20938,505,1.86,1442,6495,1,984,934,2005-02-26,1443,509,,27433,5053,5053,
BBY,2004,2004-02-28,18350,492,1.63,1304,6197,-8,705,800,2004-02-28,1296,496,,24547,4893,4893,
BBY,2003,2003-03-01,15710,487,1.27,1010,5236,4,99,622,2003-03-01,1014,392,,20946,4226,4226,
BBY,2002,2002-03-02,15167,484,1.27,937,4430,-1,570,570,2002-03-02,936,366,,19597,3493,3493,
BBY,2001,2001-03-03,12267,478,0.86,604,3059,37,396,396,2001-03-03,641,246,,15327,2455,2455,
BBY,2000,2000-02-26,10101,478,0.73,539,2393,23,347,347,2000-02-26,563,216,,12494,1854,1854,
BBY,1999,1999-02-27,8250,473,0.48,365,1828,0,224,224,1999-02-27,365,141,,10078,1463,1463,
BBY,1998,1998-02-28,7026,451,0.23,187,1332,-33,94,94,1998-02-28,154,59,,8358,1145,1145,
BBY,1997,1997-03-01,6712,393,0,53,1059,-50,2,2,1997-03-01,3,1,,7771,1006,1005,
BBY,1996,1996-03-02,6281,391,0.12,123,937,-44,48,48,1996-03-02,79,31,,7217,814,814,
BBY,1995,1995-02-25,4389,391,0.15,122,690,-28,58,58,1995-02-25,94,36,,5080,568,569,
BBY,1994,1994-02-26,2550,372,0.11,77,457,-9,41,42,1994-02-26,68,27,,3007,380,379,
BBY,1993,1993-02-27,1336,313,0.06,36,284,-4,20,20,1993-02-27,32,12,,1620,248,248,
BBY,1992,1992-02-29,749,260,0.04,19,181,-3,10,10,1992-02-29,15,6,,930,162,162,
BBY,1991,1991-03-02,523,224,0.02,11,142,-4,-9,5,1991-03-02,7,3,,665,131,131,
BBY,1990,1990-03-03,393,223,0.03,13,120,-4,6,6,1990-03-03,9,4,,513,107,107,
BBY,1989,1989-03-31,391,223,0.01,9,116,-5,2,2,1989-03-31,3,1,,507,106,107,
BBY,1988,1988-03-31,335,223,0.01,9,105,-4,3,3,1988-03-31,5,2,,439,95,95,
BBY,1987,1987-03-31,179,214,0.04,15,60,0,8,8,1987-03-31,16,8,,239,45,45,
BBY,1986,1986-03-31,85,165,0.02,8,29,0,4,4,1986-03-31,8,4,,113,20,20,
BIO,2019,2019-12-31,1050.263,30.184,59.05366,223.861,1261.396,2037.326,1758.675,1758.675,2019-12-31,2261.081,502.406,196.71,2311.659,810.225,1037.5349999999999,-0.106
BIO,2018,2018-12-31,1060.964,30.228,16.39949,-99.041,1228.451,607.607,365.614,316.614,2018-12-31,512.659,196.045,198.896,2289.415,834.483,1327.4920000000002,-0.007
BIO,2017,2017-12-31,970.75,30.034,2.34631,126.25,1189.403,-12.942,122.249,52.249,2017-12-31,97.805,45.556,227.057,2160.153,801.99,1063.153,-15.503
BIO,2016,2016-12-31,927.644,29.646,2.46824,55.118,1140.528,-12.422,26,26,2016-12-31,41.56,15.56,205.708,2068.172,804.297,1085.41,-1.136
BIO,2015,2015-12-31,897.771,29.409,3.86134,166.108,1121.67,-20.241,113.093,113.093,2015-12-31,145.847,32.754,192.972,2019.441,761.99,955.5620000000001,-0.02
BIO,2014,2014-12-31,996.527,29.133,3.06818,149.584,1178.517,-17.936,88.845,88.845,2014-12-31,131.557,42.712,220.333,2175.044,808.2,1028.933,0.309
BIO,2013,2013-12-31,954.2,28.9,2.71,169.2,1178.5,-56.7,77.8,77.8,2013-12-31,112.4,34.6,211,2132.7,798.1,1009.3,0.5
BIO,2012,2012-12-31,915.1,28.6,5.65,256.2,1154.1,-36.1,163.8,163.8,2012-12-31,222.9,59.1,214,2069.2,682.9,897.9,-1
BIO,2011,2011-12-31,895.6,28.5,6.32,293.1,1177.9,-58.1,178.2,178,2011-12-31,235.8,57.7,186.4,2073.5,696.3,884.9,0.8
BIO,2010,2010-12-31,835.6,28.2,6.6,283.8,1091.5,-61.8,185.5,186.9,2010-12-31,220.3,33.3,172.3,1927.1,635.2,807.6999999999999,-1.7
BIO,2009,2009-12-31,784.4,27.8,5.41,227.5,999.8,-46.3,144.6,149.2,2009-12-31,185.8,36.7,163.6,1784.2,601.5,772.4,4.7
BIO,2008,2008-12-31,801.8,27.6,4.23,172,962.5,-29.8,89.5,98.3,2008-12-31,142.8,44.6,159.5,1764.4,591.3,790.5,0.6
BIO,2007,2007-12-31,669.7,27.3,3.79,131.6,791.4,-12.2,93,94.3,2007-12-31,120.8,26.5,140.5,1461.1,508,659.8,1.4
BIO,2006,2006-12-31,561.4,26.9,3.98,146.1,712.5,-6.1,103.3,103.3,2006-12-31,142,38.8,123.4,1273.9,438.9,566.4,2
BIO,2005,2005-12-31,534.5,26.7,3.53,95.5,646.5,-31.1,81.6,77.6,2005-12-31,93.4,15.8,115.1,1181,416.1,551,29
BIO,2004,2004-12-31,479.9,26.5,3.05,108.8,610.1,-22.6,68.2,66.3,2004-12-31,97.3,31,108.3,1090,378.3,501.30000000000007,11.1
BIO,2003,2003-12-31,438,26.3,2.9,145.8,565.4,-35.1,76.2,76.2,2003-12-31,113.7,37.5,94.3,1003.4,325.4,419.6,3
BIO,2002,2002-12-31,383.2,26,2.61,137.4,509.5,-33.6,67.9,67.9,2002-12-31,104.4,36.5,82.9,892.7,289.2,372.09999999999997,0.7
BIO,2001,2001-12-31,356.3,25.4,1.74,112,461.2,-47.1,44.2,44.2,2001-12-31,65,20.8,76.5,817.5,272.6,349.2,
BIO,2000,2000-12-31,343.4,24.6,1.29,66.8,382.5,-29.7,31.1,31.8,2000-12-31,45.4,13.6,68.1,725.9,247.6,315.70000000000005,8.4
BIO,1999,1999-12-31,255.2,24.3,1.12,33.1,294.3,-11.9,11.7,11.7,1999-12-31,16.4,4.7,51.2,549.5,194.5,261.2,-4.8
BIO,1998,1998-12-31,202.4,24.7,0.98,31.1,239.5,5.1,24.3,24.3,1998-12-31,34.2,9.9,41.4,441.9,167,208.4,-2
BIO,1997,1997-12-31,189.3,24.8,0.66,26.7,237.6,0.4,16.4,16.4,1997-12-31,22.7,6.4,46.1,426.9,164.8,211,-4.3
BIO,1996,1996-12-31,182,24.9,1.18,38.9,236.7,-0.6,26.2,27.4,1996-12-31,36.5,9.1,39.6,418.8,155.5,197.8,-1.8
BIO,1995,1995-12-31,171.9,24.9,1.06,38.2,224.7,-4.5,25.2,25.2,1995-12-31,33.5,8.4,34.7,396.6,150.3,186.49999999999997,-0.2
BIO,1994,1994-12-31,155.8,24.2,0.64,36.7,199.5,-6.1,15.6,15.6,1994-12-31,24,8.4,30.2,355.3,132.6,162.8,-6.6
BIO,1993,1993-12-31,151.1,24,0.21,10.3,177.5,-8.4,2.8,2.8,1993-12-31,4.7,1.9,34.2,328.6,129.2,167.20000000000002,2.8
BIO,1992,1992-12-31,138.2,23.8,0.87,14.5,192.1,-9.4,15.6,15.6,1992-12-31,27.5,12,34.7,330.3,133.9,177.60000000000002,22.4
BIO,1991,1991-12-31,133.8,23.6,0.38,22.1,176.9,-7.9,8.2,8.2,1991-12-31,13.5,5.4,28.2,310.7,125.2,154.7,-0.8
BIO,1990,1990-12-31,123.7,23.5,0.46,24.3,163,-7.1,10.7,10.7,1990-12-31,17.2,6.5,24.9,286.7,113.8,138.7,0.1
BIO,1989,1989-12-31,103.2,22.9,0.44,21,133,-6.1,9,10.1,1989-12-31,15.9,5.7,19.5,236.3,92.6,112.10000000000001,0.9
BIO,1988,1988-12-31,87.9,22.7,0.42,19.8,111,-5.3,9.2,9.5,1988-12-31,15.2,5.7,14.5,198.9,76.7,91.19999999999999,0.7
BIO,1987,1987-12-31,68.6,22.7,0.34,16.3,90.9,-3.9,7.7,7.7,1987-12-31,12.7,5,12.1,159.5,62.4,74.6,0.2
BIO,1986,1986-12-31,56,21.8,0.28,11.8,70.5,-2.1,5.8,6.1,1986-12-31,9.5,3.4,9.2,126.6,49.5,58.7,-0.2
BIO,1985,1985-12-31,47.5,19.5,0.22,8.8,54.8,-3.2,4.3,4.3,1985-12-31,6,1.7,7.7,102.3,38.3,46,0.4
BIO,1984,1984-12-31,40.8,19.3,0.09,3.6,43.9,-4,1.8,1.8,1984-12-31,2.9,1.1,6.5,84.6,33.7,40.2,3.3
BIO,1983,1983-12-31,31,19.2,0,1.5,34.9,-3.2,0.1,0.1,1983-12-31,0.1,0,5.3,65.9,28,33.3,1.7
BIIB,2019,2019-12-31,1955.4,187.4,32.64079,7042.6,12422.5,137.3,5888.5,5967.9,2019-12-31,7125.9,1158,2272.7,14377.9,2357,5379.9,-54
BIIB,2018,2018-12-31,1816.3,205.3,23.64907,5888.6,11636.6,21.5,4430.7,4497.7,2018-12-31,5899.6,1401.9,2597.2,13452.9,2106.3,5748,-10.5
BIIB,2017,2017-12-31,1630,213,17.99706,5344.2,10643.9,-193.6,2539.1,3843.7,2017-12-31,5128.8,1285.1,2253.6,12273.9,1935.5,5299.7,-21.8
BIIB,2016,2016-12-31,1478.7,218.8,18.63558,5150.4,9970.1,-197.4,3702.8,3695.7,2016-12-31,4933,1237.3,1973.3,11448.8,1947.9,4819.7,-20
BIIB,2015,2015-12-31,1240.4,231.2,15.64724,4891,9523.4,-105,3547,3605.7,2015-12-31,4767.3,1161.6,2012.8,10763.8,2113.1,4632.4,-18.7
BIIB,2014,2014-12-31,1171,237,12.32,3972,8532,-19,2935,2957,2014-12-31,3947,990,1893,9703,2232,4560,-7
BIIB,2013,2013-12-31,858,238,7.74,2513,6074,-17,1862,1880,2013-12-31,2481,601,1444,6932,1712,3561,-15
BIIB,2012,2012-12-31,545,240,5.63,1850,4971,1,1380,1385,2012-12-31,1855,471,1335,5516,1277,3121,4
BIIB,2011,2011-12-31,467,245,5.13,1713,4582,-3,1234,1267,2011-12-31,1711,445,1220,5049,1056,2868,1
BIIB,2010,2010-12-31,400,255,5.19,1228,4316,-1,1005,899,2010-12-31,1230,331,1249,4716,1032,3089,3
BIIB,2009,2009-12-31,382,289,3.38,1285,3995,47,970,977,2009-12-31,1333,356,1283,4377,911,2711,1
BIIB,2008,2008-12-31,402,295,2.85,1153,3696,9,783,790,2008-12-31,1156,366,1072,4098,925,2542,-7
BIIB,2007,2007-12-31,335,320,2.29,755,2836,83,638,580,2007-12-31,852,272,925,3172,776,2081,7
BIIB,2006,2006-12-31,274,345,1.6,401,2409,96,218,214,2006-12-31,492,278,718,2683,685,2008,-4
BIIB,2005,2005-12-31,374,346,0.68,236,2049,53,161,161,2005-12-31,256,95,748,2423,645,1812,-33
BIIB,2004,2004-12-31,554,343,0.07,43,1657,38,25,25,2004-12-31,64,39,686,2212,580,1614,-18
BIIB,2003,2003-12-31,285,178,-0.29,-870,394,18,-875,-875,2003-12-31,-881,-6,233,679,175,1264,-29
BIIB,2002,2002-12-31,1,180,0.85,214,403,18,148,148,2002-12-31,232,83,101,404,88,189,-1
BIIB,2001,2001-12-31,0,181,0.59,131,273,31,102,102,2001-12-31,162,60,90,273,51,142,-1
BIIB,2000,2000-12-31,2,159,0.36,56,153,13,48,57,2000-12-31,69,12,69,155,28,97,
BIIB,1999,1999-12-31,14,151,0.29,41,104,4,43,43,1999-12-31,46,2,43,118,19,63,
BIIB,1998,1998-12-31,20,140,0.15,19,67,3,21,21,1998-12-31,22,0,31,87,17,48,
BIIB,1997,1997-12-31,19,112,-0.14,-18,26,3,-16,-16,1997-12-31,-15,0,32,45,11,44,
BIIB,1996,1996-12-31,0,99,-0.06,-5,30,0,-5,-5,1996-12-31,-5,0,28,30,7,35,0
BIIB,1995,1995-12-31,0,88,-0.2,-16,24,-1,-17,-17,1995-12-31,-17,0,34,24,6,40,0
BIIB,1994,1994-12-31,0,66,-0.27,-19,7,,-18,-18,1994-12-31,-18,0,21,7,5,26,0
BIIB,1993,1993-12-31,0,56,-0.16,-10,13,,-9,-9,1993-12-31,-9,0,19,13,4,23,1
BIIB,1992,1992-12-31,0,55,-0.18,-16,5,,-13,-13,1992-12-31,-13,0,15,5,3,21,3
BIIB,1991,1991-12-31,0,39,-0.15,-7,6,,-6,-6,1991-12-31,-6,0,11,6,2,13,1
BIIB,1990,1990-12-31,0,30,-0.14,-5,7,,-4,-4,1990-12-31,-4,0,10,7,1,12,1
BIIB,1989,1989-12-31,0,29,-0.1,-4,6,,-3,-3,1989-12-31,-3,0,9,6,1,10,1
BLK,2019,2019-12-31,2663,157.45955,28.42635,5551,11876,236,4476,4526,2019-12-31,5787,1261,,14539,6228,6325,
BLK,2018,2018-12-31,2673,161.94873,26.848,5457,11525,-79,4305,4302,2018-12-31,5378,1076,,14198,5958,6068,
BLK,2017,2017-12-31,2558,164.41504,22.97843,5254,11042,5,4952,3814,2017-12-31,5259,1445,,13600,5699,5788,
BLK,2016,2016-12-31,2365,166.57975,19.12597,4565,9896,-110,3168,3166,2016-12-31,4455,1289,,12261,5156,5331,
BLK,2015,2015-12-31,1224,169.03857,19.93036,4664,10177,-62,3345,3352,2015-12-31,4602,1250,,11401,5385,5513,
BLK,2014,2014-12-31,1168,171,19.05,4474,9913,-79,3294,3264,2014-12-31,4395,1131,,11081,5282,5439,
BLK,2013,2013-12-31,1062,174,17.37,3857,9118,116,2932,2951,2013-12-31,3973,1022,,10180,5100,5261,
BLK,2012,2012-12-31,1006,178,14.24,3524,8331,-54,2458,2440,2012-12-31,3470,1030,,9337,4646,4807,
BLK,2011,2011-12-31,1025,187,14.02,3249,8056,-114,2337,2339,2011-12-31,3135,796,,9081,4614,4807,
BLK,2010,2010-12-31,777,193,11.26,2998,7835,23,2063,2050,2010-12-31,3021,971,,8612,4451,4837,
BLK,2009,2009-12-31,304,139,7.86,1278,4396,-6,875,897,2009-12-31,1272,375,,4700,2581,3118,
BLK,2008,2008-12-31,232,133,6.09,1593,4832,-574,786,631,2008-12-31,1019,388,,5064,2560,3239,0
BLK,2007,2007-12-31,186,132,8.26,1294,4659,529,995,1359,2007-12-31,1823,464,,4845,2637,3365,0
BLK,2006,2006-12-31,165,83,3.87,472,1676,56,323,339,2006-12-31,528,189,,1841,1389,1461,34
BLK,2005,2005-12-31,43,67,3.5,341,976,35,234,237,2005-12-31,376,139,,1018,800,808,
BLK,2004,2004-12-31,33,66,2.24,166,601,35,143,148,2004-12-31,200,52,,634,520,527,
BLK,2003,2003-12-31,33,66,2.36,228,496,23,155,156,2003-12-31,251,95,,529,336,337,
BLK,2002,2002-12-31,40,65,2.04,215,479,9,133,133,2002-12-31,224,91,,519,321,322,
BLK,2001,2001-12-31,61,65,1.82,170,435,11,107,107,2001-12-31,181,74,,495,292,302,
BLK,2000,2000-12-31,76,65,1.51,143,377,7,87,87,2000-12-31,150,63,,453,248,258,
BLK,1999,1999-12-31,79,57,1.21,111,283,-7,59,59,1999-12-31,103,44,,362,182,191,
BLK,1998,1998-12-31,53,63,0.72,79,272,-11,36,36,1998-12-31,68,32,,325,197,207,
BLK,1997,1997-12-31,27,63,0.51,56,168,-17,22,22,1997-12-31,39,17,,195,113,123,
BLK,1996,1996-12-31,20,63,0.3,36,117,-18,9,9,1996-12-31,17,8,,136,82,91,
BLK,1995,1995-12-31,12,63,0.08,23,80,-13,5,5,1995-12-31,10,5,,92,54,63,
BLK,1994,1994-12-31,10,63,0.09,8,24,0,6,6,1994-12-31,8,3,,35,18,18,
BA,2019,2019-12-31,72093,566,8.31625,-1975,12725,-722,-636,-636,2019-12-31,-2259,-1623,3219,84818,3909,14700,438
BA,2018,2018-12-31,81490,585.5,17.73765,11987,19637,-474,10460,10460,2018-12-31,11604,1144,3269,101127,4567,7650,91
BA,2017,2017-12-31,76612,610,11.74765,10344,17393,-344,8458,7187,2017-12-31,10107,2920,3179,94005,4095,7049,107
BA,2016,2016-12-31,79026,642.8,7.83618,6527,14470,-306,5034,5034,2016-12-31,5783,749,4626,93496,3613,7943,-438
BA,2015,2015-12-31,82088,695,7.44277,7443,14026,-275,5176,5176,2015-12-31,7155,1979,3331,96114,3525,6583,-13
BA,2014,2014-12-31,76752,737,7.39,7473,14010,-333,5446,5446,2014-12-31,7137,1691,3047,90762,3767,6537,-3
BA,2013,2013-12-31,73268,768,5.95,6562,13355,-386,4585,4586,2013-12-31,6232,1646,3071,86623,3956,6793,56
BA,2012,2012-12-31,68644,762,5.11,6311,13054,-463,3900,3903,2012-12-31,5910,2007,3298,81698,3717,6743,62
BA,2011,2011-12-31,55867,753,4.77,5844,12868,-498,4018,4011,2011-12-31,5393,1382,3918,68735,3408,7024,47
BA,2010,2010-12-31,51843,744,4.44,4971,12463,-516,3307,3311,2010-12-31,4507,1196,4121,64306,3644,7492,52
BA,2009,2009-12-31,56540,713,1.9,2096,11741,-339,1312,1335,2009-12-31,1731,396,6506,68281,3364,9645,-26
BA,2008,2008-12-31,50352,729,3.64,3950,10557,-202,2672,2654,2008-12-31,3995,1341,3768,60909,3084,6607,247
BA,2007,2007-12-31,53402,773,5.22,5830,12985,-196,4074,4058,2007-12-31,6118,2060,3850,66387,3531,7155,484
BA,2006,2006-12-31,50437,788,3.53,3014,11093,-240,2215,2206,2006-12-31,3194,988,3257,61530,4171,8079,420
BA,2005,2005-12-31,46208,803,2.6,2812,8637,-294,2572,2562,2005-12-31,2819,257,2205,54845,4228,5825,301
BA,2004,2004-12-31,45025,813,2.22,2007,7432,-335,1872,1820,2004-12-31,1960,140,1879,52457,3657,5425,288
BA,2003,2003-12-31,44304,809,1.6,449,6181,-358,718,718,2003-12-31,550,-168,1651,50485,3224,5732,459
BA,2002,2002-12-31,45499,808,2.83,3868,8570,-730,492,2319,2002-12-31,3180,861,1639,54069,2981,4702,42
BA,2001,2001-12-31,48778,829,4.65,3896,9420,-650,2827,2826,2001-12-31,3564,738,1936,58198,2767,5524,318
BA,2000,2000-12-31,43712,871,3.24,3058,7609,-445,2128,2128,2000-12-31,2999,871,1441,51321,2651,4551,386
BA,1999,1999-12-31,51320,926,2.54,3170,6673,-431,2309,2309,1999-12-31,3324,1015,1341,57993,2253,3503,585
BA,1998,1998-12-31,50492,977,1.24,1567,5662,-453,1120,1120,1998-12-31,1397,277,1895,56154,2146,4095,283
BA,1997,1997-12-31,40644,970,0.86,-355,5156,-513,-178,-178,1997-12-31,-341,-163,1924,45800,2187,5511,527
BA,1996,1996-12-31,21327,687,1.59,1354,1354,-145,1095,1095,1996-12-31,1363,268,,22681,,0,154
BA,1995,1995-12-31,18613,684,1.14,302,902,-151,393,393,1995-12-31,360,-33,,19515,,600,209
BA,1994,1994-12-31,20773,681,1.26,1151,1151,-130,856,856,1994-12-31,1143,287,,21924,,0,122
BA,1993,1993-12-31,23747,679,1.83,1691,1691,-39,1244,1244,1993-12-31,1821,577,,25438,,0,169
BA,1992,1992-12-31,28144,680,2.28,2040,2040,-14,552,1554,1992-12-31,2256,702,,30184,,0,230
BA,1991,1991-12-31,27360,687,2.28,1954,1954,-13,1567,1567,1991-12-31,2204,637,,29314,,0,263
BA,1990,1990-12-31,26065,690,2.01,1530,1530,-6,1385,1385,1990-12-31,1972,587,,27595,,0,448
BA,1989,1989-12-31,19695,691,0.98,581,581,-6,973,675,1989-12-31,922,247,,20276,,0,347
BA,1988,1988-12-31,16514,688,0.89,448,448,-6,614,614,1988-12-31,820,206,,16962,,0,378
BA,1987,1987-12-31,15146,697,0.69,209,209,-9,480,480,1987-12-31,658,178,,15355,,0,458
BA,1986,1986-12-31,15711,700,0.95,733,733,-9,665,665,1986-12-31,1028,363,,16444,,0,304
BA,1985,1985-12-31,13053,699,0.82,583,583,-13,566,566,1985-12-31,863,297,,13636,,0,293
BA,1984,1984-12-31,9998,697,1.13,356,356,-28,787,787,1984-12-31,569,-218,,10354,,0,241
BA,1983,1983-12-31,10797,653,0.54,332,332,-36,355,355,1983-12-31,475,120,,11129,,0,179
BKNG,2019,2019-12-31,,43.509,111.42522,5345,,613,4865,4848,2019-12-31,5958,1110,,15066,9252,9721,
BKNG,2018,2018-12-31,,48.017,82.30418,5341,,-506,3998,3952,2018-12-31,4835,883,,14527,8760,9186,
BKNG,2017,2017-12-31,242,49.954,75.14172,4530,12439,-131,2341,3724,2017-12-31,4399,675,,12681,7511,7909,
BKNG,2016,2016-12-31,415,50.063,58.42837,2843,10328,-130,2135,2135,2016-12-31,2713,578,,10743,6172,7485,
BKNG,2015,2015-12-31,632.18,51.593,49.45167,3258.907,8591.807,-130.587,2551.36,2551.36,2015-12-31,3128.32,576.96,,9223.987,5060.406,5332.9,
BKNG,2014,2014-12-31,1077.42,53.023,45.67363,3073.312,5715.886,-83.864,2421.753,2421.753,2014-12-31,2989.448,567.695,,8441.971,4302.998,4291.239,
BKNG,2013,2013-12-31,1077,52,36.11,2412,5716,-116,1893,1893,2013-12-31,2297,404,,6793,3185,3304,
BKNG,2012,2012-12-31,1177,51,27.66,1830,4084,-68,1420,1424,2012-12-31,1762,338,,5261,2189,2254,
BKNG,2011,2011-12-31,1276,51,20.63,1399,3080,-31,1056,1059,2011-12-31,1368,309,,4356,1627,1681,
BKNG,2010,2010-12-31,1176,51,10.5,787,1909,-41,528,528,2010-12-31,746,218,,3085,1076,1122,
BKNG,2009,2009-12-31,1077,50,9.88,471,1261,-29,489,489,2009-12-31,442,-47,,2338,751,790,
BKNG,2008,2008-12-31,929,49,3.74,289,956,-13,182,186,2008-12-31,276,90,,1885,624,666,
BKNG,2007,2007-12-31,770,46,3.84,138,639,-16,140,145,2007-12-31,122,-24,,1409,409,501,
BKNG,2006,2006-12-31,722,45,1.68,62,401,4,74,78,2006-12-31,66,-12,,1123,306,339,
BKNG,2005,2005-12-31,695,46,4.24,36,268,0,193,192,2005-12-31,36,-156,,963,205,232,
BKNG,2004,2004-12-31,716,42,0.76,30,198,1,32,32,2004-12-31,32,0,,914,154,168,
BKNG,2003,2003-12-31,718,39,0.43,8,146,2,12,10,2003-12-31,10,0,,864,120,138,
BKNG,2002,2002-12-31,845,38,0.16,-23,158,3,-19,-20,2002-12-31,-20,0,,1004,136,182,
BKNG,2001,2001-12-31,979,34,-0.35,-14,193,6,-7,-8,2001-12-31,-8,0,,1172,186,207,
BKNG,2000,2000-12-31,1043,28,-2.34,-322,192,7,-315,-315,2000-12-31,-315,0,39,1235,211,515,
BKNG,1999,1999-12-31,425,22,-2.88,-1062,58,7,-1055,-1055,1999-12-31,-1055,0,14,482,107,1120,
BKNG,1998,1998-12-31,37,14,-4.17,-113,-1,1,-112,-112,1998-12-31,-112,0,11,35,42,111,
BKNG,1997,1997-12-31,0,8,-0.3,-3,0,0,-3,-3,1997-12-31,-3,0,1,0,1,3,
BWA,2019,2019-12-31,8067,206.8,3.44136,1303,2101,-11,746,819,2019-12-31,1265,446,413,10168,460,798,-27
BWA,2018,2018-12-31,8300.2,209.496,4.76224,1189.9,2229.4,-3.4,930.7,972,2018-12-31,1195.9,223.9,440.1,10529.6,505.9,1039.5,9.4
BWA,2017,2017-12-31,7683.7,211.548,3.85932,1072,2115.6,-13.5,439.9,756.8,2017-12-31,1063.6,306.8,407.5,9799.3,491.7,1043.5999999999995,5.1
BWA,2016,2016-12-31,7142.3,215.328,3.20768,973.2,1928.7,-35.4,595,636.7,2016-12-31,942.7,306,343.2,9071,474.5,955.5,4.9
BWA,2015,2015-12-31,6320.1,225.648,2.98965,888.3,1703.1,-12.9,577.2,613.9,2015-12-31,875.4,261.5,307.4,8023.2,380.3,814.7999999999993,
BWA,2014,2014-12-31,6548.7,228.924,3.17449,963.7,1756.4,16.4,655.8,687.5,2014-12-31,980.1,292.6,336.2,8305.1,364.8,792.6999999999998,0
BWA,2013,2013-12-31,5879,231,2.87,855,1558,14,624,651,2013-12-31,869,218,303,7437,336,702,10
BWA,2012,2012-12-31,5716,243,2.28,753,1467,8,501,522,2012-12-31,761,239,266,7183,363,714,18
BWA,2011,2011-12-31,5704,257,2.2,798,1410,-32,550,571,2011-12-31,766,195,244,7115,377,613,-1
BWA,2010,2010-12-31,4560,259,1.55,504,1093,-26,377,396,2010-12-31,478,82,185,5653,410,589,-1
BWA,2009,2009-12-31,3401,234,0.25,51,561,-33,27,36,2009-12-31,18,-19,155,3962,305,510,0
BWA,2008,2008-12-31,4425,232,0.65,7,839,7,-36,-19,2008-12-31,14,33,,5264,543,832,0
BWA,2007,2007-12-31,4379,236,1.23,425,950,6,289,317,2007-12-31,430,114,,5329,532,525,-1
BWA,2006,2006-12-31,3736,232,1.22,275,850,-4,212,238,2006-12-31,270,32,,4585,498,575,-1
BWA,2005,2005-12-31,3440,230,1.19,323,854,-9,240,259,2005-12-31,314,55,,4294,496,531,0
BWA,2004,2004-12-31,2874,226,0.98,309,651,-1,218,227,2004-12-31,309,81,,3525,339,342,0
BWA,2003,2003-12-31,2483,218,0.8,270,587,-13,175,184,2003-12-31,257,73,,3069,317,316,-1
BWA,2002,2002-12-31,2177,215,0.7,252,555,-18,-119,157,2002-12-31,234,77,,2731,304,302,-1
BWA,2001,2001-12-31,1802,212,0.6,137,550,-31,66,66,2001-12-31,106,40,,2352,234,413,
BWA,2000,2000-12-31,2003,212,0.84,188,643,-39,94,94,2000-12-31,149,55,,2646,244,455,
BWA,1999,1999-12-31,1889,209,0.79,243,570,-35,132,134,1999-12-31,208,75,,2459,203,326,
BWA,1998,1998-12-31,1451,189,0.59,159,386,-17,95,97,1998-12-31,143,46,,1837,135,226,
BWA,1997,1997-12-31,1375,191,0.63,173,392,-11,103,106,1997-12-31,161,55,,1767,132,220,
BWA,1996,1996-12-31,1206,191,0.54,66,335,-8,42,44,1996-12-31,57,13,,1540,123,269,
BWA,1995,1995-12-31,1045,189,0.44,109,284,4,74,76,1995-12-31,113,37,,1329,98,175,
BWA,1994,1994-12-31,948,187,0.39,112,275,-3,64,66,1994-12-31,109,43,,1223,92,163,
BWA,1993,1993-12-31,769,186,0.23,65,216,-8,-98,33,1993-12-31,57,24,,985,84,151,
BWA,1992,1992-12-31,755,184,-0.01,27,171,-38,-12,-13,1992-12-31,-11,3,,926,70,144,
BWA,1991,1991-12-31,660,184,-0.14,11,160,-44,-31,-37,1991-12-31,-33,4,,820,78,150,
BWA,1990,1990-12-31,727,184,-0.02,46,199,-35,-13,-15,1990-12-31,11,26,,926,95,153,
BWA,1989,1989-12-31,754,184,0.16,89,210,-36,20,19,1989-12-31,53,34,,965,66,122,
BXP,2019,2019-12-31,1094.4,154.883,3.65364,992.059,1866.162,-340.769,521.534,651.999,2019-12-31,651.999,,,2960.562,140.777,874.1029999999998,
BXP,2018,2018-12-31,1022.604,154.682,2.71458,897.195,1694.472,-366.988,582.847,712.563,2018-12-31,712.563,,,2717.076,121.722,797.277,
BXP,2017,2017-12-31,962.036,154.39,2.87874,908.606,1640.04,-353.788,462.439,562.481,2017-12-31,562.481,,,2602.076,113.715,731.4340000000001,
BXP,2016,2016-12-31,921.234,153.977,2.3825,884.783,1629.586,-395.412,512.785,569.977,2016-12-31,569.977,,,2550.82,105.229,744.803,
BXP,2015,2015-12-31,904.336,153.844,1.43009,827.325,1586.485,-403.302,583.106,799.918,2015-12-31,799.918,,,2490.821,96.319,759.1600000000001,
BXP,2014,2014-12-31,864.5,153.3,1.82,791.2,1532.5,-433.2,443.6,526.1,2014-12-31,526.1,,,2397,98.9,741.3,
BXP,2013,2013-12-31,771.4,152.5,4.12,678.2,1364.1,25.4,749.8,703.6,2013-12-31,703.6,0,,2135.5,115.3,685.9,
BXP,2012,2012-12-31,685.5,150.7,1.75,647.2,1190.8,-353,289.7,294.2,2012-12-31,294.2,0,,1876.3,82.4,543.5,
BXP,2011,2011-12-31,620.1,146.2,1.91,617.1,1139.4,-303.3,272.7,313.8,2011-12-31,313.8,0,,1759.5,81.4,522.3000000000001,
BXP,2010,2010-12-31,526.8,140.1,1.73,520.6,1024,-333,159.1,190.3,2010-12-31,190.3,0,,1550.8,79.7,503.4000000000001,
BXP,2009,2009-12-31,525.8,131.5,1.88,250.7,992.4,,231,262.4,2009-12-31,262.4,0,,1518.2,75.4,745.8,
BXP,2008,2008-12-31,515.5,121.3,0.8,302.8,953.9,,125.2,331.3,2008-12-31,331.3,0,,1469.4,72.4,670.0999999999999,
BXP,2007,2007-12-31,483.6,120.8,2.59,353.5,909,,1324.7,1142.7,2007-12-31,1142.7,0,,1392.6,69.9,645.1999999999999,
BXP,2006,2006-12-31,497.4,117.1,2.56,313.7,943.5,,873.6,920.1,2006-12-31,920.1,0,,1440.8,59.4,666.5000000000001,
BXP,2005,2005-12-31,490,113.6,2.24,304.3,935.6,,438.3,456.2,2005-12-31,456.2,0,,1425.6,55.5,643.3,
BXP,2004,2004-12-31,474.7,108.8,2.33,307.4,915.4,0,284,315.5,2004-12-31,315.5,0,,1390.1,53.6,618.3999999999999,
BXP,2003,2003-12-31,452.9,98.5,2.37,300.4,853.7,-1,365.3,356.9,2003-12-31,356.9,0,,1306.6,45.4,556.3000000000001,
BXP,2002,2002-12-31,416.6,94.6,2.39,308.8,812.7,-11.9,444.4,487.4,2002-12-31,487.4,0,,1229.3,47.3,509.4,
BXP,2001,2001-12-31,312.3,92.2,2.16,302.3,708.5,-26.5,208,284.9,2001-12-31,284.9,0,,1020.8,38.3,418.40000000000003,
BXP,2000,2000-12-31,264.7,72.7,2.02,228.8,606.1,0,153,228.5,2000-12-31,228.5,0,,870.8,35.7,385.90000000000003,
BXP,1999,1999-12-31,249.3,66.8,1.61,182.4,530.9,0,119.8,188.8,1999-12-31,188.8,0,,780.1,29.5,354.90000000000003,
BXP,1998,1998-12-31,150.5,61.3,1.61,140.6,349.5,,93.1,140.6,1998-12-31,140.6,0,,500,22.5,222.8,
BXP,1997,1997-12-31,89.6,39.1,0.81,43.7,182.5,,39.8,43.7,1997-12-31,43.7,0,,272.1,11.8,142.1,
BXP,1996,1996-12-31,104.9,34,0.24,8.7,161.5,,7.3,8.7,1996-12-31,8.7,0,,266.4,10.8,156.4,
BXP,1995,1995-12-31,99.4,34,-0.12,-3.7,145.6,,-4,-3.7,1995-12-31,-3.7,0,,245,10.4,153,
BXP,1994,1994-12-31,96,34,0.21,7.6,148.1,,7.2,7.6,1994-12-31,7.6,0,,244.1,10.1,140.5,
BXP,1993,1993-12-31,95.1,34,0.5,17.5,150.5,,17.1,17.5,1993-12-31,17.5,0,,245.6,9.5,133,
BXP,1992,1992-12-31,88.6,34,0.47,16.4,152.6,,16,16.4,1992-12-31,16.4,0,,241.2,9.3,136.20000000000002,
BSX,2019,2019-12-31,3149,1410.6,1.06878,1518,7586,-831,4700,598,2019-12-31,687,89,1174,10735,3928,6068,0
BSX,2018,2018-12-31,2836,1401.4,1.25264,1506,6987,-72,1671,1604,2018-12-31,1422,-182,1113,9823,3557,5481,-12
BSX,2017,2017-12-31,2616,1392.7,0.87212,1285,6432,-331,105,966,2017-12-31,933,-33,997,9048,3281,5147,-21
BSX,2016,2016-12-31,2469,1377.2,0.67343,447,5917,-262,347,347,2016-12-31,177,-170,920,8386,3083,5470,-8
BSX,2015,2015-12-31,2212,1341.2,0.42809,-327,5265,-309,-239,-239,2015-12-31,-650,-411,876,7477,2847,5592,-14
BSX,2014,2014-12-31,2297,1324.3,0.57,-301,5083,-202,-119,-119,2014-12-31,-509,-390,817,7380,2878,5384,-6
BSX,2013,2013-12-31,2314,1341.2,0.29,120,4829,-338,-121,-121,2013-12-31,-223,-102,861,7143,2651,4709,-5
BSX,2012,2012-12-31,2494,1406.7,-0.66,-3868,4755,-255,-4068,-4068,2012-12-31,-4107,-39,886,7249,2519,8623,16
BSX,2011,2011-12-31,2801,1519,0.25,904,4821,-259,441,441,2011-12-31,642,201,895,7622,2482,3917,-3
BSX,2010,2010-12-31,2784,1517.8,0.41,-656,5022,-401,-1065,-1065,2010-12-31,-1063,2,939,7806,2575,5678,-6
BSX,2009,2009-12-31,2767,1507.9,0.27,-894,5421,-402,-1025,-1025,2009-12-31,-1308,-283,1035,8188,2621,6315,-12
BSX,2008,2008-12-31,2672,1498.5,-0.14,-1505,5378,-509,-2036,-2036,2008-12-31,-2031,5,1006,8050,2558,6883,-17
BSX,2007,2007-12-31,2542,1486.9,0.22,-14,5815,-491,-495,-495,2007-12-31,-569,-74,1089,8357,2905,5829,-64
BSX,2006,2006-12-31,2438,1273.7,0.43,-2949,5383,-368,-3577,-3577,2006-12-31,-3535,42,1008,7821,2675,8332,-218
BSX,2005,2005-12-31,1613,837.6,1.74,968,4670,-90,628,628,2005-12-31,891,263,680,6283,1814,3702,13
BSX,2004,2004-12-31,1487,857.7,1.38,1574,4137,-64,1062,1062,2004-12-31,1494,432,569,5624,1742,2563,-16
BSX,2003,2003-12-31,1015,845.4,0.62,697,2461,-46,472,472,2003-12-31,643,171,452,3476,1171,1764,-8
BSX,2002,2002-12-31,906,830,0.47,610,2013,-43,373,373,2002-12-31,549,176,343,2919,1002,1403,-18
BSX,2001,2001-12-31,954,802.8,0.28,100,1719,-59,-54,-54,2001-12-31,44,98,275,2673,926,1619,3
BSX,2000,2000-12-31,869,816.6,0.51,580,1795,-70,373,373,2000-12-31,527,154,199,2664,867,1215,17
BSX,1999,1999-12-31,1032,822.7,0.44,689,1810,-114,371,371,1999-12-31,562,191,197,2842,842,1121,-13
BSX,1998,1998-12-31,766.2,781.7,0.52,-207.4,1467.4,-62.7,-264.4,-264.4,1998-12-31,-275.3,-10.9,200.3,2233.6,755,1674.8,-5.1
BSX,1997,1997-12-31,572.6,799.6,0.35,269,1299.7,-10.6,139.3,160.4,1997-12-31,258.7,98.3,167.2,1872.3,688.2,1030.6999999999998,0.3
BSX,1996,1996-12-31,416.1,797.4,0.35,309.5,1045.9,-6.7,167.1,167.1,1996-12-31,297,129.9,116.3,1462,491.8,736.4,-5.8
BSX,1995,1995-12-31,340.3,697.6,0.25,81.4,766.4,-8.2,8.4,8.4,1995-12-31,85.8,77.4,87.3,1106.7,360.6,685,12.6
BSX,1994,1994-12-31,162.2,392,0.2,130,286.7,-2,79.7,79.7,1994-12-31,129,49.2,29.5,448.9,127.2,156.7,1
BSX,1993,1993-12-31,140.2,398.9,0.17,108.6,239.8,-2.1,69.7,69.7,1993-12-31,109.5,39.8,24.1,380.1,107.1,131.3,3
BSX,1992,1992-12-31,116.5,395.4,0.14,92.8,198.6,-2.8,56.6,56.6,1992-12-31,91.6,34.9,16.9,315.2,89,105.9,1.6
BSX,1991,1991-12-31,81.8,376.6,0.11,70.5,148.2,-2.9,41.7,41.7,1991-12-31,67.8,26.1,10.2,230,67.5,77.8,0.2
BSX,1990,1990-12-31,60.3,376.1,0.06,39.6,98.4,-4.6,23.9,23.9,1990-12-31,35.5,11.6,7.9,158.7,50.9,58.900000000000006,0.5
BSX,1989,1989-12-31,51.4,375,0.01,13.8,64.6,-5.8,6.2,5.3,1989-12-31,8,2.7,7.8,116,43,50.800000000000004,-0.1
BMY,2019,2019-12-31,7804,1712,2.36788,6910,18341,-69,3439,3460,2019-12-31,4975,1515,5845,26145,4870,11431,-1866
BMY,2018,2018-12-31,6436,1637,3.78174,6386,16125,-380,4920,5003,2018-12-31,5968,965,5052,22561,4550,9739,-38
BMY,2017,2017-12-31,5917,1652,3.03729,5244,14859,33,1007,3871,2017-12-31,5131,1260,4823,20776,4687,9615,-146
BMY,2016,2016-12-31,4925,1680,2.38949,5947,14502,15,4457,4507,2016-12-31,5915,1408,4927,19427,4911,8555,-47
BMY,2015,2015-12-31,3825,1679,1.09802,1420,12735,0,1565,1631,2015-12-31,2077,446,5760,16560,4841,11315,461
BMY,2014,2014-12-31,3781,1670,1.41,2376,12098,5,2004,2029,2014-12-31,2381,352,3913,15879,4822,9722,-564
BMY,2013,2013-12-31,4619,1662,1.7,2850,11766,71,2563,2580,2013-12-31,2891,311,3731,16385,4939,8916,-32
BMY,2012,2012-12-31,4610,1688,3.37,2180,13011,107,1960,2501,2012-12-31,2340,-161,3762,17621,5017,10831,-245
BMY,2011,2011-12-31,5598,1717,2.41,6717,15646,227,3709,5260,2011-12-31,6981,1721,3811,21244,5160,8929,-202
BMY,2010,2010-12-31,5277,1727,2.18,5789,14207,243,3102,4513,2010-12-31,6071,1558,3556,19484,4663,8418,-196
BMY,2009,2009-12-31,5140,1978,1.6,4822,13668,420,10612,4420,2009-12-31,5602,1182,3647,18808,5082,8846,-179
BMY,2008,2008-12-31,6396,2001,1.75,4875,14201,437,5247,4151,2008-12-31,5471,1320,3585,20597,6342,9326,-180
BMY,2007,2007-12-31,6218,1980,1.08,2918,13130,343,2165,2731,2007-12-31,3534,803,3282,19348,6320,10212,155
BMY,2006,2006-12-31,5956,1963,0.87,2185,11958,250,1585,2025,2006-12-31,2635,610,3067,17914,6270,9773,69
BMY,2005,2005-12-31,5928,1983,1.41,3814,13279,133,3000,3584,2005-12-31,4516,932,2746,19207,6582,9465,-222
BMY,2004,2004-12-31,5989,1976,1.31,4030,13391,68,2388,2899,2004-12-31,4418,1519,2500,19380,6427,9361,-158
BMY,2003,2003-12-31,7592,1950,1.68,4755,13302,-61,3106,3479,2003-12-31,4694,1215,2279,20894,6076,8547,-56
BMY,2002,2002-12-31,6388,1942,1.57,3027,11731,-410,2066,2212,2002-12-31,2647,435,2218,18119,5218,8704,47
BMY,2001,2001-12-31,5454,1965,2.5,1792,12685,-49,4834,2145,2001-12-31,2218,73,2183,18139,5342,10893,40
BMY,2000,2000-12-31,4759,1997,2.18,5269,13457,49,4711,4096,2000-12-31,5478,1382,1939,18216,5532,8188,209
BMY,1999,1999-12-31,5539,2027,2.06,5790,14683,-23,4167,4167,1999-12-31,5767,1600,1843,20222,6987,8893,63
BMY,1998,1998-12-31,4856,2031,1.84,4134,13428,-67,3141,3141,1998-12-31,4268,1127,1577,18284,6730,9294,-14
BMY,1997,1997-12-31,4464,2042,1.57,4269,12237,-12,3205,3205,1997-12-31,4482,1277,1385,16701,6414,7968,-56
BMY,1996,1996-12-31,3965,2035,1.4,3996,11100,17,2850,2850,1996-12-31,4013,1163,1276,15065,5871,7104,-43
BMY,1995,1995-12-31,3637,2032,1.36,2360,10130,42,1812,1812,1995-12-31,2402,590,1199,13767,5316,7770,-5
BMY,1994,1994-12-31,3122,2040,1.17,2555,8862,,1842,1842,1994-12-31,2555,713,1108,11984,4533,6307,-84
BMY,1993,1993-12-31,3029,2076,1.13,2571,8384,,1959,1959,1993-12-31,2571,612,1128,11413,4353,5813,-168
BMY,1992,1992-12-31,2857,2072,1.07,1987,8299,,1962,1538,1992-12-31,1987,449,1083,11156,4366,6312,-27
BMY,1991,1991-12-31,2930,2084,0.99,2887,8229,,2056,2056,1991-12-31,2887,831,993,11159,4470,5342,-121
BMY,1990,1990-12-31,2874,2100,0.83,2524,7426,,1748,1748,1990-12-31,2524,776,881,10300,4156,4902,-135
BMY,1989,1989-12-31,2418,2092,0.33,1184,6160,,688,688,1989-12-31,1184,496,781,8578,3534,4976,661
BMY,1988,1988-12-31,1804,2102,0.39,1285,4169,,829,829,1988-12-31,1285,456,394,5973,2586,2884,-96
BMY,1987,1987-12-31,1679,2152,0.33,1117,3722,,709,709,1987-12-31,1117,408,342,5401,2383,2605,-120
BMY,1986,1986-12-31,1515,2174,0.27,931,3321,,590,590,1986-12-31,931,341,311,4836,2123,2390,-44
BMY,1985,1985-12-31,1468,2168,0.25,864,2976,,532,532,1985-12-31,864,332,262,4444,1957,2112,-107
BMY,1984,1984-12-31,1409,2152,0.22,781,2780,,473,473,1984-12-31,781,308,212,4189,1848,1999,-61
BMY,1983,1983-12-31,1386,2120,0.19,692,2531,,408,408,1983-12-31,692,284,185,3917,1700,1839,-46
AVGO,2019,2019-11-03,10037,419,7.72184,3444,12560,-1201,2724,2736,2019-11-03,2226,-510,4696,22597,1709,9116,-17
AVGO,2018,2018-11-04,10095,431,12.14234,5029,10753,-487,12259,5351,2018-11-04,4545,-806,3768,20848,1056,5724,3
AVGO,2017,2017-10-29,9108,421,5.12357,2205,8528,-411,1692,1790,2017-10-29,1825,35,3302,17636,789,6323,31
AVGO,2016,2016-10-30,7243,366,-2.35683,-532,5997,-575,-1739,-1749,2016-10-30,-1107,642,2674,13240,806,6529,0
AVGO,2015,2015-11-01,3264,281,5.43608,1632,3560,-183,1364,1391,2015-11-01,1467,76,1049,6824,486,1928,18
AVGO,2014,2014-11-02,2370,267,1.71,438,1899,-104,263,309,2014-11-02,342,33,695,4269,407,1461,8
AVGO,2013,2013-11-03,1321,252,2.12,551,1199,-2,552,552,2013-11-03,568,16,398,2520,222,648,19
AVGO,2012,2012-10-28,1220,250,2.28,582,1144,-1,563,563,2012-10-28,585,22,335,2364,199,562,4
AVGO,2011,2011-10-30,1189,252,2.27,560,1147,-4,548,548,2011-10-30,557,9,317,2336,224,587,1
AVGO,2010,2010-10-31,1126,246,1.76,442,967,-34,415,415,2010-10-31,406,-9,280,2093,196,525,-2
AVGO,2009,2009-11-01,913,219,0.12,40,571,-76,-44,-44,2009-11-01,-36,8,245,1484,169,531,0
AVGO,2008,2008-11-02,1038,219,0.38,150,661,-82,83,57,2008-11-02,60,3,265,1699,196,511,-8
AVGO,2007,2007-10-31,1136,214,-0.26,-117,391,-99,-159,-220,2007-10-31,-212,8,205,1527,193,508,4
AVGO,2006,2006-10-31,981,213,-0.99,-94,418,-137,-227,-228,2006-10-31,-225,3,187,1399,243,512,6
AVGO,2005,2005-10-31,937,213,0.1,7,473,0,31,9,2005-10-31,14,5,203,1410,245,466,7
AVGO,2004,2004-10-31,1202,213,0.2,58,512,0,73,43,2004-10-31,62,19,205,1714,249,454,4
AVGO,2003,2003-10-31,956,213,-0.94,-193,292,0,-177,-201,2003-10-31,-192,9,230,1248,255,485,1
BR,2020,2020-06-30,3265.1,117,4.34444,624.9,1263.9,-58.8,462.5,462.5,2020-06-30,579.5,117,,4529,639,639,13.4
BR,2019,2019-06-30,3131.9,118.8,4.30387,652.7,1230.3,-41.8,482.1,482.6,2019-06-30,607.3,124.7,,4362.2,577.5,577.5999999999999,-3.6
BR,2018,2018-06-30,3169.6,120.4,3.95432,594.9,1160.3,-33.8,427.9,443.4,2018-06-30,561,117.6,,4329.9,565.4,565.4000000000001,-0.1
BR,2017,2017-06-30,3109.6,120.8,3.7202,531.6,1033,-43.4,326.7,326.7,2017-06-30,488.1,161.4,,4142.6,501.4,501.4000000000001,-0.1
BR,2016,2016-06-30,1975.9,121.6,2.93586,500.2,921.1,-31.4,307.5,307.5,2016-06-30,468.9,161.4,,2897,420.9,420.9000000000001,0.1
BR,2015,2015-06-30,1828.2,124,2.44879,466.9,866,-22.5,287.1,287.1,2015-06-30,438.9,151.8,,2694.2,396.8,399.10000000000014,
BR,2014,2014-06-30,1761.4,124.1,2.39,417.7,796.6,-22.2,263,263,2014-06-30,395.5,132.5,,2558,376,378.9000000000001,2.9
BR,2013,2013-06-30,1767.8,125.4,1.92,337.7,663,-14.5,212.1,212.1,2013-06-30,323.2,111.1,,2430.8,323.6,325.29999999999995,3.2
BR,2012,2012-06-30,1715.1,127.5,1.48,214.5,588.4,-13.6,123.6,125,2012-06-30,200.9,75.9,,2303.5,299.9,373.9000000000001,1.6
BR,2011,2011-06-30,1617.1,128.3,1.34,281.3,549.8,-11.6,169.6,171.8,2011-06-30,269.7,97.9,,2166.9,270,268.5,0.7
BR,2010,2010-06-30,1616.4,139.1,1.62,350.9,592.8,-8.8,190,225.1,2010-06-30,342.1,117,,2209.2,241.6,241.89999999999986,1
BR,2009,2009-06-30,1574.1,141.6,1.58,358.7,537.5,-12.4,223.3,223.3,2009-06-30,346.3,123,,2111.6,224.9,216.5,0.8
BR,2008,2008-06-30,1606.4,141,1.36,358.1,545.2,-32.2,192.2,192.2,2008-06-30,325.9,133.7,,2151.6,244.3,243,0.7
BR,2007,2007-06-30,1588.1,139,1.42,331.8,490.6,-11,197.1,197.1,2007-06-30,320.8,123.7,,2078.7,216.7,218,0.2
BR,2006,2006-06-30,1433,137.9,1.31,302.7,500.3,,180.5,180.5,2006-06-30,302.7,122.2,,1933.3,195.9,197.5999999999999,1.7
BR,2005,2005-06-30,1273.2,137.9,1.21,273.9,443.9,,166.4,166.4,2005-06-30,273.9,107.5,,1717.1,168.5,170,1.5
BR,2004,2004-06-30,1132.5,137.9,1.06,250.4,393.3,,146.2,146.2,2004-06-30,250.4,104.2,,1525.8,142,142.9000000000001,0.9
BF.B,2020,2020-04-30,1236,480.409,1.74363,1091,2127,-77,827,827,2020-04-30,1009,182,,3363,1025,1036,-5
BF.B,2019,2020-01-31,342,480.8,0.48,304,557,-19,231,231,2020-01-31,284,53,,899,257,253,-1
BF.B,2018,2019-10-31,370,480.5,0.59,352,619,-20,282,282,2019-10-31,331,49,,989,270,267,-1
BF.B,2019,2019-07-31,268,480.1,0.39,248,498,-19,186,186,2019-07-31,228,42,,766,256,250,-1
BF.B,2018,2019-04-30,1158,482.067,1.48527,1144,2166,-80,835,716,2019-04-30,1042,326,,3324,1037,1022,-22
BF.B,2019,2019-01-31,333,480.1,0.41,320,571,-21,227,197,2019-01-31,284,87,,904,252,251,-15
BF.B,2018,2018-10-31,320,483.6,0.45,332,590,-20,249,218,2018-10-31,310,92,,910,263,258,-2
BF.B,2017,2018-07-31,243,483,0.35,264,523,-20,200,167,2018-07-31,242,75,,766,266,259,-2
BF.B,2018,2018-04-30,1046,484.248,1.56944,1048,2202,-62,717,760,2018-04-30,977,217,,3248,1170,1154,-9
BF.B,2017,2018-01-31,291,484.2,0.44,304,587,-15,190,213,2018-01-31,289,76,,878,287,283,-1
BF.B,2016,2017-10-31,304,483.3,0.49,349,610,-15,239,239,2017-10-31,331,92,,914,271,261,-3
BF.B,2017,2017-07-31,230,483,0.37,244,493,-15,178,178,2017-07-31,229,51,,723,250,249,8
BF.B,2016,2017-04-30,973,488.077,1.37069,1010,2021,-56,669,669,2017-04-30,933,264,,2994,1029,1011,-21
BF.B,2017,2017-01-31,272,484,0.38,273,536,-15,182,182,2017-01-31,258,76,,808,264,263,4
BF.B,2016,2016-10-31,278,489.8,0.4,291,552,-15,197,197,2016-10-31,276,79,,830,270,261,-6
BF.B,2015,2016-07-31,208,495,0.29,213,453,-12,144,144,2016-07-31,201,57,,661,245,240,
BF.B,2016,2016-04-30,945,510.7,1.40876,1533,2144,-44,1067,1067,2016-04-30,1489,422,,3089,1105,611,
BF.B,2015,2016-01-31,254,506,0.38,278,555,-12,190,190,2016-01-31,266,76,,809,274,277,5
BF.B,2014,2015-10-31,268,513.6,0.39,302,586,-12,200,200,2015-10-31,290,90,,854,286,284,-2
BF.B,2015,2015-07-31,208,521.6,0.3,227,491,-9,156,156,2015-07-31,218,62,,699,264,264,-4
BF.B,2014,2015-04-30,951,532.7075,1.28401,1027,2183,-25,684,684,2015-04-30,1002,318,,3134,1134,1156,0
BF.B,2015,2015-01-31,260,531.5,0.35,272,553,-6,186,186,2015-01-31,266,80,,813,275,281,-5
BF.B,2014,2014-10-31,268,533.3,0.39,302,609,-7,207,207,2014-10-31,295,88,,877,302,307,20
BF.B,2013,2014-07-31,210,538.3,0.28,221,495,-7,150,150,2014-07-31,214,64,,705,269,274,-4
BF.B,2014,2014-04-30,196,537.5,0.25,188,493,-6,133,133,2014-04-30,182,49,,689,314,305,-15
BF.B,2013,2014-01-31,250,537,0.33,255,532,-6,177,177,2014-01-31,249,72,,782,277,277,-2
BF.B,2012,2013-10-31,257,538,0.38,311,576,-6,206,206,2013-10-31,305,99,,833,273,265,-8
BF.B,2013,2013-07-31,209,538.3,0.27,217,477,-6,143,143,2013-07-31,211,68,,686,259,260,1
BF.B,2012,2013-04-30,200,538,0.21,177,459.6,-16,113,113,2013-04-30,161,48,,659.6,279,282.6,0
BF.B,2013,2013-01-31,240,537.6,0.29,237,507,-8,157,157,2013-01-31,229,72,,747,273,270,-4
BF.B,2012,2012-10-31,252,543.6,0.32,262,524,-3,174,174,2012-10-31,259,85,,776,265,262,
BF.B,2011,2012-07-31,202,537.2,0.27,222,464,-6,147,147,2012-07-31,216,69,,666,241,242,5
BF.B,2012,2012-04-30,181.1,536.5,0.19,150.1,421.8,-6.8,104.5,104.5,2012-04-30,143.3,38.8,,602.9,273.8,271.70000000000005,-2.2
BF.B,2011,2012-01-31,250.7,536.2,0.25,206.2,450.9,-7.3,133.1,133.1,2012-01-31,198.9,65.8,,701.6,246.8,244.7,-2.9
BF.B,2010,2011-10-31,279.2,540.7,0.29,246.3,501.9,-7.1,157.6,157.6,2011-10-31,239.2,81.6,,781.1,253.5,255.59999999999997,0.8
BF.B,2011,2011-07-31,217.5,547,0.22,185.9,420.3,-7.1,118.1,118.1,2011-07-31,178.8,60.7,,637.8,229.8,234.39999999999998,3.3
BF.B,2010,2011-04-30,187.3,547.5,0.3,221.8,422.9,-6.8,165.9,165.9,2011-04-30,215,49.1,,610.2,266.3,201.09999999999997,-66.3
BF.B,2011,2011-01-31,244.5,547.6,0.26,225.5,463.5,-6.9,140.7,140.7,2011-01-31,218.6,77.9,,708,239.1,238,-2.4
BF.B,2010,2010-10-31,239.6,549.4,0.28,235,458.8,-6.1,154,154,2010-10-31,228.9,74.9,,698.4,226.4,223.79999999999998,-3.9
BF.B,2009,2010-07-31,190.6,552.7,0.2,172.7,378.8,-6.2,111.4,111.4,2010-07-31,166.5,55.1,,569.4,208.2,206.1,-3.4
BF.B,2010,2010-04-30,184.6,553.3,0.13,118.5,377.3,-6.3,72.7,72.7,2010-04-30,112.2,39.5,,561.9,255.4,258.79999999999995,2.1
BF.B,2009,2010-01-31,226.5,553.3,0.19,173.9,410.9,-7.1,107.9,107.9,2010-01-31,166.8,58.9,,637.4,223.5,237,12.2
BF.B,2008,2009-10-31,255.8,557.6,0.26,225.6,443,-7.4,147.3,147.3,2009-10-31,218.2,70.9,,698.8,217.2,217.39999999999998,-1.1
BF.B,2009,2009-07-31,190.7,563.5,0.22,192,380.1,-7.1,121.4,121.4,2009-07-31,184.9,63.5,,570.8,193.2,188.10000000000002,-6.4
BF.B,2008,2009-04-30,178.4,565.3,0.14,121.5,358.6,-7.5,79.6,79.6,2009-04-30,114,34.4,,537,239.1,237.1,-3.2
BF.B,2009,2009-01-31,221.8,567.5,0.22,177.2,370.6,-8.1,123.4,123.4,2009-01-31,169.1,45.7,,592.4,200.1,193.39999999999998,-8
BF.B,2008,2008-10-31,271.2,568.8,0.25,221.7,466.7,-7.9,143.2,143.2,2008-10-31,213.8,70.6,,737.9,249.9,245.00000000000006,-6.2
BF.B,2007,2008-07-31,233,569.3,0.15,140.6,380.8,-7.5,88.2,88.2,2008-07-31,133.1,44.9,,613.8,241.3,240.2,-2.4
BF.B,2008,2008-04-30,205,569.5,0.18,137,403,-9,101,101,2008-04-30,128,27,,608,259,266,5
BF.B,2007,2008-01-31,240,581.1,0.2,180.9,432,-9.1,114.8,114.8,2008-01-31,171.8,57,,672,251,251.10000000000002,-1.2
BF.B,2006,2007-10-31,246,591.1,0.22,212.5,470,-13,130.6,130.5,2007-10-31,199.5,69,,716,259,257.5,-3.2
BF.B,2007,2007-07-31,196,583.3,0.16,155.5,391,-11,95.4,95.5,2007-07-31,144.5,49,,587,237,235.5,-2.8
BF.B,2006,2007-04-30,187,582.4,0.12,108,362,-10,66,69,2007-04-30,98,29,,549,253,254,1
BF.B,2007,2007-01-31,194.8,582.3,0.19,168.8,387.3,-2.5,105.1,111.6,2007-01-31,166.3,54.7,,582.1,223.4,218.5,-4.9
BF.B,2006,2006-10-31,200,582.6,0.21,182.3,382,-2.2,123.1,124.1,2006-10-31,180.1,56,,582,212.9,199.7,-13.2
BF.B,2005,2006-07-31,156,581.6,0.16,141.7,348.6,-1.3,92.4,93.4,2006-07-31,140.4,47,,504.6,208.9,206.89999999999998,-2
BF.B,2006,2006-04-30,140,579.7,0.13,103,323,-1,78,75,2006-04-30,102,27,,463,220,220,0
BF.B,2005,2006-01-31,164,579.2,0.21,165.3,330.8,0.3,120.5,120.1,2006-01-31,165.6,45.5,,494.8,198,165.5,-32.5
BF.B,2004,2005-10-31,185,582.9,0.19,159,351,-1,108,111,2005-10-31,158,47,,536,192,192,0
BF.B,2005,2005-07-31,147,577.3,0.15,135,303,-3,13,88,2005-07-31,132,44,,450,182,168,-14
BF.B,2004,2005-04-30,230,575.3,0.11,87,281,-2,60,62,2005-04-30,85,23,,511,195,194,-1
BF.B,2005,2005-01-31,494,577.2,0.22,119,305,74,99,128,2005-01-31,193,65,,799,185,186,1
BF.B,2004,2004-10-31,187,573.8,0.16,142,330,-5,99,91,2004-10-31,137,46,,517,188,188,0
BF.B,2003,2004-07-31,146,574.9,0.1,98,254,-9,49,58,2004-07-31,89,31,,400,158,156,-2
BF.B,2004,2004-04-30,215,573.2,0.1,89,316,-4,59,59,2004-04-30,85,26,,531,227,227,0
BF.B,2003,2004-01-31,249,572.4,0.14,127,345,-5,80,80,2004-01-31,122,42,,594,221,218,-3
BF.B,2002,2003-10-31,262,571.1,0.15,139,365,-5,88,88,2003-10-31,134,46,,627,227,226,-1
BF.B,2003,2003-07-31,189,570.5,0.05,52,272,-5,31,31,2003-07-31,47,16,,461,206,220,14
BF.B,2002,2003-04-30,192,603.7,0.1,92,288,-4,58,58,2003-04-30,88,30,,480,199,196,-3
BF.B,2003,2003-01-31,235,642.8,0.11,106,308,0,70,70,2003-01-31,106,36,,543,208,202,-6
BF.B,2002,2002-10-31,262,643,0.13,124,339,0,81,81,2002-10-31,124,43,,601,210,215,5
BF.B,2001,2002-07-31,177,643.1,0.06,56,247,-1,36,36,2002-07-31,55,19,,424,191,191,
BF.B,2002,2002-04-30,190,642.6,0.08,79,274,-1,51,51,2002-04-30,78,27,,464,191,195,4
BF.B,2001,2002-01-31,226,641.3,0.09,88,282,0,58,58,2002-01-31,88,30,,508,196,194,-2
BF.B,2000,2001-10-31,255,641.4,0.12,124,329,-2,80,80,2001-10-31,122,42,,584,200,205,5
BF.B,2001,2001-07-31,170,642.7,0.06,62,248,-2,39,39,2001-07-31,60,21,,418,186,186,
BF.B,2000,2001-04-30,177,644.1,0.08,87,268,-2,54,54,2001-04-30,85,31,,445,181,181,
BF.B,2001,2001-01-31,205,643.1,0.09,90,290,-2,56,56,2001-01-31,88,32,,495,200,200,
BF.B,2000,2000-10-31,234,642.6,0.12,129,340,-3,80,80,2000-10-31,126,46,,574,211,211,
BF.B,1999,2000-07-31,155,642.7,0.07,68,255,-1,43,43,2000-07-31,67,24,,410,187,187,
BF.B,2000,2000-04-30,165,643.6,0.08,84,266,-2,53,53,2000-04-30,82,29,,431,182,182,
BF.B,1999,2000-01-31,211,642.8,0.08,86,284,0,54,54,2000-01-31,86,32,,495,198,198,
BF.B,1998,1999-10-31,245,642.9,0.11,116,322,-1,73,73,1999-10-31,115,42,,567,206,206,
BF.B,1999,1999-07-31,153,643.1,0.06,62,231,-2,38,38,1999-07-31,60,22,,384,169,169,
BF.B,1998,1999-04-30,171,643.4,0.07,76,242,0,48,48,1999-04-30,76,28,,413,166,166,
BF.B,1999,1999-01-31,195,643.9,0.08,79,261,-1,50,50,1999-01-31,78,28,,456,182,182,
BF.B,1998,1998-10-31,212,644.4,0.1,107,288,-1,67,67,1998-10-31,106,39,,500,181,181,
BF.B,1997,1998-07-31,158,644.5,0.06,60,228,-2,37,37,1998-07-31,58,21,,386,168,168,
BF.B,1998,1998-04-30,164,646.5,0.07,71,232,-3,43,43,1998-04-30,68,25,,396,161,161,
BF.B,1997,1998-01-31,167,647.1,0.07,76,251,-2,46,46,1998-01-31,74,28,,418,175,175,
BF.B,1996,1997-10-31,205,647.1,0.09,101,278,-3,61,61,1997-10-31,98,37,,483,177,177,
BF.B,1997,1997-07-31,154,647.2,0.05,59,218,-3,35,35,1997-07-31,56,21,,372,159,159,
BF.B,1996,1997-04-30,152,660.9,0.06,67,217,-2,41,41,1997-04-30,65,24,,369,150,150,
BF.B,1997,1997-01-31,174,646.9,0.06,70,219,-4,40,40,1997-01-31,66,26,,393,149,149,
BF.B,1996,1996-10-31,201,646.9,0.09,94,256,-4,56,56,1996-10-31,90,34,,457,162,162,
BF.B,1995,1996-07-31,153,646.9,0.05,56,212,-4,32,32,1996-07-31,52,20,,365,156,156,
BF.B,1996,1996-04-30,154,652.5,0.06,61,211,-3,36,36,1996-04-30,58,22,,365,150,150,
BF.B,1995,1996-01-31,168,646.9,0.06,65,216,-4,38,38,1996-01-31,61,23,,384,151,151,
BF.B,1994,1995-10-31,193,653.4,0.08,91,249,-5,54,54,1995-10-31,86,32,,442,158,158,
BF.B,1995,1995-07-31,149,646.9,0.05,57,203,-5,32,32,1995-07-31,52,20,,352,146,146,
BF.B,1994,1995-04-30,136,646.9,0.05,61,206,-5,34,34,1995-04-30,56,22,,342,145,145,
BF.B,1995,1995-01-31,152,646.9,0.06,68,211,-5,38,38,1995-01-31,63,25,,363,143,143,
BF.B,1994,1994-10-31,181,646.9,0.08,87,224,-5,49,49,1994-10-31,82,33,,405,137,137,
BF.B,1993,1994-07-31,127,646.9,0.04,52,183,-5,28,28,1994-07-31,47,19,,310,131,131,
BF.B,1994,1994-04-30,136,649.8,0.05,53,198,-5,30,30,1994-04-30,48,18,,334,145,145,
BF.B,1993,1994-01-31,145,749.9,0.05,62,203,-2,39,39,1994-01-31,60,21,,348,141,141,
BF.B,1992,1993-10-31,165,775,0.08,77,231,27,63,63,1993-10-31,104,41,,396,154,154,
BF.B,1993,1993-07-31,128,774.9,0.04,49,195,-3,-3,30,1993-07-31,46,16,,323,146,146,
BF.B,1992,1993-04-30,142,775,0.04,54,200,-3,32,32,1993-04-30,51,19,,342,146,146,
BF.B,1993,1993-01-31,152,775,0.05,62,201,-4,37,37,1993-01-31,58,21,,353,139,139,
BF.B,1992,1992-10-31,163,775,0.07,83,230,-4,51,51,1992-10-31,79,28,,393,147,147,
BF.B,1991,1992-07-31,133,775,0.05,56,193,-2,35,35,1992-07-31,54,19,,326,137,137,
BF.B,1992,1992-04-30,126,775,0.04,52,181,-3,31,31,1992-04-30,49,18,,307,129,129,
BF.B,1991,1992-01-31,128,775,0.05,55,186,-2,35,35,1992-01-31,53,18,,314,131,131,
BF.B,1990,1991-10-31,158,775,0.07,84,223,-3,53,53,1991-10-31,81,28,,381,139,139,
BF.B,1991,1991-07-31,105,777.1,0.03,43,154,-2,27,27,1991-07-31,41,14,,259,111,111,
BF.B,1990,1991-04-30,98,777.6,0.03,39,151,0,26,26,1991-04-30,39,13,,249,112,112,
BF.B,1991,1991-01-31,116,777.5,0.05,60,175,-1,39,39,1991-01-31,59,20,,291,115,115,
BF.B,1990,1990-10-31,138,781.9,0.06,68,184,-1,44,44,1990-10-31,67,23,,322,116,116,
BF.B,1989,1990-07-31,101,786.8,0.05,56,155,-1,36,36,1990-07-31,55,19,,256,99,99,
BF.B,1990,1990-04-30,96,786.8,0.03,37,139,0,24,24,1990-04-30,37,13,,235,102,102,
BF.B,1989,1990-01-31,105,786.8,0.04,49,148,-2,31,31,1990-01-31,47,16,,253,99,99,
BF.B,1988,1989-10-31,132,786.9,0.04,28,185,-3,-5,-5,1989-10-31,25,30,,317,97,157,
BF.B,1989,1989-07-31,86,786.8,0.04,50,136,-2,42,30,1989-07-31,48,18,,222,86,86,
CHRW,2019,2019-12-31,12723.198,137.735,4.18897,789.976,2586.31,-47.719,576.968,576.968,2019-12-31,742.257,165.289,,15309.508,1796.334,1796.333999999999,
CHRW,2018,2018-12-31,13925.937,140.405,4.75699,912.083,2705.235,-31.81,664.505,667.905,2018-12-31,880.273,212.368,,16631.172,1793.152,1793.152,
CHRW,2017,2017-12-31,12501.33,141.382,3.48554,775.119,2368.05,-46.656,504.893,492.793,2017-12-31,728.463,235.67,,14869.38,1592.931,1592.9310000000005,
CHRW,2016,2016-12-31,10866.885,142.991,3.59032,837.531,2277.528,-25.581,513.384,513.384,2016-12-31,811.95,298.566,,13144.413,1439.997,1439.9969999999994,
CHRW,2015,2015-12-31,11207.604,145.349,3.47604,865.51,2268.48,-42.729,509.699,509.699,2015-12-31,822.781,313.082,,13476.084,1410.17,1402.9700000000012,
CHRW,2014,2014-12-31,11462,148,3.05,748,2008,-25,450,450,2014-12-31,723,274,,13470,1259,1260,
CHRW,2013,2013-12-31,10916,157,2.65,683,1836,-9,416,416,2013-12-31,673,257,,12752,1153,1153,
CHRW,2012,2012-12-31,9642,162,3.67,675,1718,283,594,594,2012-12-31,958,365,,11359,1042,1042,
CHRW,2011,2011-12-31,8704,165,2.62,693,1633,2,432,432,2011-12-31,695,263,,10336,940,940,
CHRW,2010,2010-12-31,7806,166,2.33,623,1468,1,387,387,2010-12-31,624,237,,9274,845,845,
CHRW,2009,2009-12-31,6195,169,2.13,585,1382,2,361,361,2009-12-31,587,226,,7577,797,797,
CHRW,2008,2008-12-31,7204,173,2.08,572,1375,7,359,359,2008-12-31,578,219,,8579,803,803,
CHRW,2007,2007-12-31,6072,174,1.86,510,1244,14,324,324,2007-12-31,524,199,,7316,734,735,
CHRW,2006,2006-12-31,5474,175,1.53,418,1083,12,267,267,2006-12-31,430,163,,6556,665,664,
CHRW,2005,2005-12-31,4809,175,1.16,326,880,7,203,203,2005-12-31,333,129,,5689,553,554,0
CHRW,2004,2004-12-31,3681,173,0.79,223,661,3,137,137,2004-12-31,226,89,,4342,438,438,0
CHRW,2003,2003-12-31,3069,172,0.62,176,545,3,107,107,2003-12-31,179,71,,3614,369,369,0
CHRW,2002,2002-12-31,2811,172,0.52,149,484,1,90,90,2002-12-31,150,60,,3294,335,335,0
CHRW,2001,2001-12-31,2634,172,0.49,134,457,2,84,84,2001-12-31,138,54,,3090,322,322,2
CHRW,2000,2000-12-31,2463,171,0.42,117,419,1,71,71,2000-12-31,118,47,,2882,302,302,
CHRW,1999,1999-12-31,1968,166,0.32,84,293,,53,53,1999-12-31,88,35,,2261,209,209,5
CHRW,1998,1998-12-31,1792,165,0.26,68,246,,43,43,1998-12-31,71,28,,2038,177,178,3
CHRW,1997,1997-12-31,1585,165,0.07,32,206,,28,11,1997-12-31,35,24,,1791,174,174,3
CHRW,1996,1996-12-31,1427,167,0.19,50,179,,35,32,1996-12-31,53,21,,1606,129,129,3
CHRW,1995,1995-12-31,1286,176,0.17,45,160,,32,29,1995-12-31,48,18,,1446,115,115,3
CHRW,1994,1994-12-31,1122,185,0.13,41,136,,27,24,1994-12-31,40,16,,1258,95,95,0
CHRW,1993,1993-12-31,987,196,0.09,28,109,,20,18,1993-12-31,30,12,,1096,81,81,2
CHRW,1992,1992-12-31,878,209,0.07,22,90,,16,14,1992-12-31,24,9,,969,68,69,1
COG,2019,2019-12-31,651.635,417.451,1.63872,955.75,1414.642,-54.952,681.07,681.07,2019-12-31,900.224,219.154,20.27,2066.277,111.923,458.89200000000005,-0.574
COG,2018,2018-12-31,750.575,447.568,1.24772,771.801,1437.573,-73.201,557.043,545.676,2018-12-31,698.137,152.461,113.82,2188.148,119.283,665.7719999999999,-0.463
COG,2017,2017-12-31,599.001,465.551,0.38414,-151.26,1165.218,-82.13,100.393,-142.507,2017-12-31,-228.435,-85.928,21.526,1764.219,131.273,1316.478,4.955
COG,2016,2016-12-31,548.023,456.847,-0.28391,-569.654,607.654,-88.336,-417.124,-417.124,2016-12-31,-659.599,-242.475,27.662,1155.677,114.856,1177.308,-1.609
COG,2015,2015-12-31,580.994,413.696,-0.10088,-88.914,776.156,-96.911,-113.891,-113.891,2015-12-31,-187.273,-73.382,27.46,1357.15,110.805,865.07,-1.448
COG,2014,2014-12-31,524.88,417.601,1.42364,106.186,1648.131,-73.785,104.468,104.468,2014-12-31,32.401,-72.067,28.746,2173.011,129.602,1541.9449999999997,0
COG,2013,2013-12-31,400.3,422.4,0.63,550.5,1346,-64.9,279.8,279.8,2013-12-31,485.5,205.8,18.2,1746.3,147.7,795.5,
COG,2012,2012-12-31,290.1,422,0.25,306.1,914.5,-68.3,131.7,131.7,2012-12-31,237.8,106.1,37.5,1204.5,170.1,608.3,
COG,2011,2011-12-31,224.6,421.5,0.22,306.9,755.3,-71.7,122.4,122.4,2011-12-31,235.2,112.8,36.4,979.9,132.2,448.4,
COG,2010,2010-12-31,156.1,420.8,0.18,266.4,687.9,-67.9,103.4,103.4,2010-12-31,198.5,95.1,42.7,844,117.1,421.5,
COG,2009,2009-12-31,161,418.7,0.44,282.3,718.3,-59,148.3,148.3,2009-12-31,223.3,74.9,50.8,879.3,113,436,
COG,2008,2008-12-31,192.3,406.9,0.56,372,753.5,-36.4,211.3,211.3,2008-12-31,335.6,124.3,31.2,945.8,140.7,381.49999999999994,
COG,2007,2007-12-31,159,392.5,0.4,259.4,573.2,-17.2,152.1,152.1,2007-12-31,242.2,90.1,39.8,732.2,119.9,313.8,
COG,2006,2006-12-31,158.2,394.4,0.47,528.9,603.8,-18.4,321.2,321.2,2006-12-31,510.5,189.3,49.4,762,113.5,74.80000000000001,
COG,2005,2005-12-31,148.9,397.8,0.39,258.7,533.9,-22.5,148.4,148.4,2005-12-31,236.2,87.8,61.8,682.8,91.9,275.20000000000005,
COG,2004,2004-12-31,128.8,394.7,0.25,160.7,401.6,-22,88.4,88.4,2004-12-31,138.6,50.2,48.1,530.4,75.8,241,
COG,2003,2003-12-31,136.6,387.5,0.22,66.6,372.8,-23.5,21.1,28,2003-12-31,43,15.1,58.1,509.4,62.3,306.20000000000005,
COG,2002,2002-12-31,103.1,384.9,0.06,49.1,250.7,-25.3,16.1,16.1,2002-12-31,23.8,7.7,40.2,353.8,53.1,201.6,
COG,2001,2001-12-31,129,368.2,0.15,95.4,317.9,-20.8,47.1,47.1,2001-12-31,74.5,27.5,71.2,446.9,56.3,222.7,
COG,2000,2000-12-31,171.4,332,0.11,64.8,197.2,-22.9,25.5,25.5,2000-12-31,41.9,16.5,19.9,368.7,45.6,132.4,
COG,1999,1999-12-31,33.4,296.7,0.03,39.5,148.5,-25.8,8.5,8.5,1999-12-31,13.7,5.2,11.5,181.9,37.1,109,
COG,1998,1998-12-31,30.3,296.8,0.01,27.4,129.4,-18.6,5.3,5.3,1998-12-31,8.8,3.5,19.6,159.6,37.3,101.89999999999999,
COG,1997,1997-12-31,29.4,279.3,0.09,63.9,155.7,-18,28.3,28.3,1997-12-31,45.9,17.6,13.9,185.1,34.6,91.9,
COG,1996,1996-12-31,28.4,273.7,0.06,48.8,134.7,-17.4,20.8,20.8,1996-12-31,31.4,10.6,12.6,163.1,29.6,85.9,
COG,1995,1995-12-31,121.2,273.3,-0.05,-116.8,92.8,-24.9,-86.6,-86.6,1995-12-31,-141.6,-55,8,213.9,34.8,209.5,
COG,1994,1994-12-31,33.3,264.2,-0.01,15,107,-16.7,-1,-1,1994-12-31,-1.6,-0.6,8,140.3,29.4,92,
COG,1993,1993-12-31,77.2,246.1,0.01,20,87.1,-10.3,3.5,3.5,1993-12-31,9.7,6.2,6.9,164.3,27,67.10000000000001,
COG,1992,1992-12-31,65.6,245.6,0.02,18,82.1,-9.8,2.2,2.2,1992-12-31,8.2,6,6.2,147.6,26.9,64,
COG,1991,1991-12-31,61.9,245.6,0.01,13.7,78.6,-7.6,1.3,1.3,1991-12-31,6.1,4.8,8.1,140.5,29.6,64.9,
COG,1990,1990-12-31,17.3,245.6,0.03,13,31.2,-0.3,8.4,8.4,1990-12-31,12.7,4.3,1.2,48.5,9.4,18.2,
COG,1989,1990-09-30,57.4,245.6,0.05,18.9,71.3,3.7,14.6,14.6,1990-09-30,22.6,8,6.1,128.6,23.5,52.300000000000004,
COG,1988,1989-09-30,59.9,245.6,0.08,28.5,89.5,9.5,25.6,25.6,1989-09-30,38,12.4,13.4,149.4,20.5,61.00000000000001,
COG,1987,1988-09-30,48.8,245.6,0.15,5.9,79.3,19.3,34.4,34.4,1988-09-30,25.3,-9.1,12.1,128.1,19.9,73.3,
CDNS,2019,2019-12-28,266.357,280.515,3.54556,491.796,2069.962,-12.118,988.979,988.979,2019-12-28,478.968,-510.011,935.938,2336.319,621.479,1578.166,-0.71
CDNS,2018,2018-12-29,258.747,281.144,1.26097,396.209,1879.275,-19.348,345.777,344.368,2018-12-29,376.39,32.022,884.816,2138.022,573.075,1483.066,-0.471
CDNS,2017,2017-12-30,237.39,280.221,0.40509,323.955,1705.642,-9.106,204.101,107.401,2017-12-30,315.046,207.645,804.223,1943.032,553.342,1381.687,0.197
CDNS,2016,2016-12-31,256.492,291.256,0.81769,244.901,1559.591,-8.225,203.086,203.086,2016-12-31,237.153,34.067,735.34,1816.083,520.3,1314.69,0.477
CDNS,2015,2016-01-02,238.453,312.302,0.82187,285.43,1463.638,-18.038,252.417,252.417,2016-01-02,267.596,15.179,637.567,1702.091,512.414,1178.208,0.204
CDNS,2014,2015-01-03,223.706,306.775,0.5529,204.688,1357.226,-23.891,158.898,158.898,2015-01-03,181.002,22.104,603.006,1580.932,513.307,1152.538,0.205
CDNS,2013,2013-12-28,200.2,294.6,0.6,188.5,1259.9,-29.7,164.2,164.2,2013-12-28,159,-5.2,534,1460.1,499.5,1071.3999999999999,0.2
CDNS,2012,2012-12-29,191.1,280.7,1.57,210.6,1135.3,-22.6,439.9,439.9,2012-12-29,188.3,-251.7,454.1,1326.4,454.4,924.8000000000001,0.3
CDNS,2011,2011-12-31,195.2,270.8,0.3,120.4,954.7,-25.3,72.2,72.2,2011-12-31,95.4,23.2,400.7,1149.8,416.7,834.3,0.3
CDNS,2010,2011-01-01,156.4,265.9,0.6,-36.2,779.5,-27.2,126.5,126.5,2011-01-01,-62.8,-189.3,376.4,936,392,815.7,0.6
CDNS,2009,2010-01-02,169.2,257.8,-0.49,-128.8,683.4,-25,-149.9,-149.9,2010-01-02,-153.5,-3.6,354.7,852.6,409.5,812.2,0.3
CDNS,2008,2009-01-03,209.5,254.3,-3.62,-1599.2,829.1,-4,-1854,-1854,2009-01-03,-1601.7,252.3,457.9,1038.6,510.4,2428.4,1.5
CDNS,2007,2007-12-29,214.5,295.6,0.99,315.4,1400.5,48.4,296.3,296.3,2007-12-29,364.1,67.8,494,1615,576.1,1085.1,0.3
CDNS,2006,2006-12-30,227.1,312.5,0.54,181.4,1256.8,60.6,142.6,142.2,2006-12-30,241.9,99.7,460.1,1483.9,548.9,1075.4,-0.1
CDNS,2005,2005-12-31,228.8,314.4,0.28,107.9,1100.4,26.5,49.3,49.3,2005-12-31,128.5,79.1,370.1,1329.2,518.9,992.5,-5.9
CDNS,2004,2005-01-01,226.1,305.8,0.31,101.2,971.4,-19,74.5,74.5,2005-01-01,86.4,12,351.3,1197.5,440.8,870.1999999999999,4.2
CDNS,2003,2004-01-03,216.6,266.8,0.09,-10,902.8,-10.1,-17.6,-17.6,2004-01-03,-30.6,-13,340.1,1119.5,450.3,912.8000000000001,-10.5
CDNS,2002,2002-12-28,250,267.5,0.18,174.8,1043,1.5,71.9,71.9,2002-12-28,158,86,326.4,1293.1,552.9,868.3,-18.3
CDNS,2001,2001-12-29,354.9,257.7,0.72,240.5,1075.6,6.6,141.3,141.3,2001-12-29,242.1,100.9,297.3,1430.4,526.1,835.1,-4.9
CDNS,2000,2000-12-31,368.9,262.7,0.52,63.4,910.7,9,50,50,2000-12-31,68,18,263.9,1279.6,496,847.1999999999999,-4.4
CDNS,1999,2000-01-01,324.8,242,0.36,-12.8,768.5,1.8,-14.1,-14.1,2000-01-01,-11.4,2.7,219.2,1093.3,440.9,781.3,-0.4
CDNS,1998,1999-01-02,280.7,233.6,0.94,105.2,935.4,8.4,32,32,1999-01-02,112.7,80.7,179.4,1216.1,369.8,830.2,-0.9
CDNS,1997,1998-01-03,183.1,219.6,0.97,234,732.8,28.7,169.5,181.7,1998-01-03,259.6,77.9,140.4,915.9,314.4,498.79999999999995,-3
CDNS,1996,1996-12-28,153.5,183.8,0.51,91.3,588,-0.4,29,29,1996-12-28,90.5,61.4,115.3,741.5,280.9,496.70000000000005,-0.4
CDNS,1995,1995-12-31,116.5,191.1,0.51,117.9,431.9,20,97.3,97.3,1995-12-31,135.1,37.8,88.6,548.4,225.5,314.1,-2.8
CDNS,1994,1994-12-31,89.8,197.6,0.24,44,339.3,0,36.6,36.6,1994-12-31,48.9,12.2,77.4,429.1,203.1,295.2,4.8
CDNS,1993,1993-12-31,84,193.8,0.04,-8.4,284.7,0,-12.8,-12.8,1993-12-31,-12.8,0,74.5,368.6,198.9,293,-4.4
CDNS,1992,1992-12-31,106.8,205.6,0.27,65.7,327.7,2.7,55.4,55.4,1992-12-31,68.3,13,66.5,434.5,195.4,262,-0.1
CDNS,1991,1991-12-31,101.4,186.1,0.05,-14,290.8,3.5,-21.7,-21.7,1991-12-31,-11.5,10.2,68.3,392.3,186.7,304.9,-1
CDNS,1990,1990-12-31,41.3,143.6,0.26,52.6,190.1,5.1,38,38,1990-12-31,56.3,18.3,42.6,231.4,95,137.5,-1.4
CDNS,1989,1989-12-31,18.6,186.9,0.15,39.1,124.2,3.3,27.8,27.8,1989-12-31,42.3,14.6,29.4,142.8,54.1,85.19999999999999,-0.1
CDNS,1988,1988-12-31,8.7,125.3,0.1,19.9,58.4,-0.8,13.1,13.1,1988-12-31,19.1,5.9,11.6,67.1,26.9,38.5,0
CDNS,1987,1987-12-31,0,111.3,0.03,4.5,23.9,0.5,3.2,3.2,1987-12-31,4.7,1.6,5.3,23.9,14.1,19.4,-0.2
CDNS,1986,1986-12-31,3.6,74.1,-0.06,-3.9,18,0.2,-4.7,-4.7,1986-12-31,-3.8,0.9,9.4,21.6,12.5,21.9,-0.1
CPB,2020,2020-08-02,5683,304,2.36938,1156,3008,-390,1628,592,2020-08-02,766,174,92,8691,1519,1852,
CPB,2019,2019-07-28,5390,302,2.29993,984,2717,-359,211,476,2019-07-28,625,149,88,8107,1385,1733,
CPB,2018,2018-07-29,4157,302,2.5861,1014,2458,-184,261,598,2018-07-29,830,232,91,6615,1179,1444,
CPB,2017,2017-07-30,3401,307,2.76277,1441,2436,-125,887,924,2017-07-30,1316,392,93,5837,1093,995,
CPB,2016,2016-07-31,5186,311,2.22395,948,2775,-99,563,563,2016-07-31,849,286,124,7961,1493,1827,
CPB,2015,2015-08-02,5287,313,2.41927,1060,2795,-111,666,666,2015-08-02,949,283,117,8082,1470,1735,
CPB,2014,2014-08-03,5370,316,2.45,1198,2898,-125,818,726,2014-08-03,1073,347,121,8268,1508,1700,-2
CPB,2013,2013-07-28,5140,317,2.39,1080,2912,-125,458,680,2013-07-28,955,275,128,8052,1624,1832,29
CPB,2012,2012-07-29,4715,319,2.46,1212,2992,-106,774,764,2012-07-29,1106,342,125,7707,1631,1780,7
CPB,2011,2011-07-31,4616,329,2.6,1279,3103,-111,805,802,2011-07-31,1168,366,129,7719,1619,1824,5
CPB,2010,2010-08-01,4526,343,2.44,1348,3150,-106,844,844,2010-08-01,1242,398,123,7676,1663,1802,3
CPB,2009,2009-08-02,4558,358,2.17,1185,3028,-106,736,732,2009-08-02,1079,347,114,7586,1668,1843,1
CPB,2008,2008-08-03,4827,381,2.09,1098,3171,-159,1165,671,2008-08-03,939,268,115,7998,1770,2073,6
CPB,2007,2007-07-29,4571,396,2.08,1293,3296,-144,854,823,2007-07-29,1149,326,112,7867,1926,2003,-35
CPB,2006,2006-07-30,4268,414,1.82,1151,3075,-150,766,755,2006-07-30,1001,246,99,7343,1820,1924,5
CPB,2005,2005-07-31,4491,413,1.71,1210,3057,-180,707,707,2005-07-31,1030,323,95,7548,1756,1847,-4
CPB,2004,2004-08-01,4187,412,1.62,1115,2922,-168,647,647,2004-08-01,947,300,93,7109,1695,1807,-13
CPB,2003,2003-08-03,3805,411,1.52,1105,2873,-181,595,626,2003-08-03,924,298,88,6678,1652,1768,28
CPB,2002,2002-07-28,3443,411,1.28,984,2690,-186,525,525,2002-07-28,798,273,77,6133,1490,1706,138
CPB,2001,2001-07-29,3146,418,1.57,1194,3518,-207,649,649,2001-07-29,987,338,63,6664,2137,2324,114
CPB,2000,2000-07-30,2908,432,1.65,1265,3359,-188,714,714,2000-07-30,1077,363,64,6267,1941,2094,89
CPB,1999,1999-08-01,3050,445,1.68,1270,3374,-173,724,724,1999-08-01,1097,373,66,6424,1938,2104,64
CPB,1998,1998-08-02,3233,460,1.86,1248,3463,-175,660,689,1998-08-02,1073,384,71,6696,1818,2215,64
CPB,1997,1997-08-03,4305,478,1.78,1266,3659,-159,713,713,1997-08-03,1107,394,77,7964,1960,2393,140
CPB,1996,1996-07-28,4363,503,1.59,1317,3315,-120,802,802,1996-07-28,1197,395,84,7678,1842,1998,72
CPB,1995,1995-07-30,4264,498,1.4,1147,3014,-105,698,698,1995-07-30,1042,344,88,7278,1716,1867,63
CPB,1994,1994-07-31,3970,502,1.25,1027,2694,-64,630,630,1994-07-31,963,333,78,6664,1548,1667,41
CPB,1993,1993-08-01,4028,503.8,0.86,594,2558,-74,8,257,1993-08-01,520,263,69,6586,1514,1964,0
CPB,1992,1992-08-02,3963.1,503.4,0.97,877.1,2300.1,-86.6,490.5,490.5,1992-08-02,799.3,308.8,59.7,6263.2,1332.3,1423.0000000000005,8.8
CPB,1991,1991-07-28,4095.5,508,0.79,755.2,2108.6,-90.2,401.5,401.5,1991-07-28,667.4,265.9,56.3,6204.1,1262.9,1353.3999999999996,2.4
CPB,1990,1990-07-29,4258.2,518.4,0.43,259.9,1947.6,-94,4.4,4.4,1990-07-29,179.4,175,53.7,6205.8,1271.2,1687.6999999999998,13.5
CPB,1989,1989-07-30,4001.6,517.2,0.46,151.9,1670.5,-55.8,13.1,13.1,1989-07-30,106.5,93.4,47.7,5672.1,1070.9,1518.6,10.4
CPB,1988,1988-07-31,3392.8,517.6,0.52,403,1476.1,-20.7,274.1,241.6,1988-07-31,388.6,147,46.9,4868.9,965.9,1073.0999999999995,6.3
CPB,1987,1987-08-02,3180.5,519.2,0.48,425,1309.9,-22.2,247.3,247.3,1987-08-02,417.9,170.6,44.8,4490.4,840.1,884.9000000000001,15.1
CPB,1986,1986-08-03,3082.7,517.6,0.43,411.5,1204.1,-28.6,223.2,223.2,1986-08-03,387.2,164,42.2,4286.8,740.3,792.6000000000004,4.3
CPB,1985,1985-07-28,2879.7,516.6,0.38,363.7,1036.9,-32.1,197.8,197.8,1985-07-28,333.7,135.9,34.5,3916.6,629.6,673.2000000000003,2.1
CPB,1984,1984-07-29,2700.8,516.1,0.37,359,956.7,-26.6,191.2,191.2,1984-07-29,332.4,141.2,169.6,3657.4,428.1,597.5999999999999,0
CPB,1983,1983-07-31,2444.2,515.7,0.32,345.3,848.2,-39.3,165,165,1983-07-31,306,141,135.9,3292.4,367.1,502.9000000000001,0
COF,2019,2019-12-31,,469.9,11.06946,,,,5546,5533,2019-12-31,6874,1341,,,,,
COF,2018,2018-12-31,,483.1,11.89814,,,,6015,6025,2018-12-31,7318,1293,,,,,
COF,2017,2017-12-31,,488.6,7.44986,,,,1982,3918,2017-12-31,5492,1574,,,,,
COF,2016,2016-12-31,,509.8,6.92821,,,,3751,3770,2016-12-31,5484,1714,,,,,
COF,2015,2015-12-31,,548,7.0337,,,,4050,4012,2015-12-31,5881,1869,,,,,
COF,2014,2014-12-31,,572,7.61,,,,4428,4423,2014-12-31,6569,2146,,,,,
COF,2013,2013-12-31,,588,7.63,,,,4159,4392,2013-12-31,6417,2025,,,,,
COF,2012,2012-12-31,,567,6.27,,,,3517,3734,2012-12-31,5035,1301,,,,,
COF,2011,2011-12-31,,459,7.06,,,,3147,3253,2011-12-31,4587,1334,,,,,
COF,2010,2010-12-31,,456,6.78,,,,2743,3050,2010-12-31,4330,1280,,,,,
COF,2009,2009-12-31,,431,1.24,,,,884,987,2009-12-31,1336,349,,,,,
COF,2008,2008-12-31,,378,1.78,,,,-46,85,2008-12-31,582,497,,,,,
COF,2007,2007-12-31,,396,6.79,,,,1570,2592,2007-12-31,3870,1278,,,,,
COF,2006,2006-12-31,,317,7.62,,,,2414,2414,2006-12-31,3653,1238,,,,,
COF,2005,2005-12-31,,269,6.73,,,,1809,1809,2005-12-31,2829,1020,,,,,
COF,2004,2004-12-31,,249,6.2,,,,1543,1543,2004-12-31,2360,817,,,,,
COF,2003,2003-12-31,,234,4.92,,,,1136,1151,2003-12-31,1827,676,,,,,
COF,2002,2002-12-31,,229,3.93,,,,900,900,2002-12-31,1451,551,,,,,
COF,2001,2001-12-31,,221,2.91,,,,642,642,2001-12-31,1035,393,,,,,
COF,2000,2000-12-31,,209,2.24,,,,470,470,2000-12-31,757,288,,,,,
COF,1999,1999-12-31,,211,1.72,,,,363,363,1999-12-31,577,214,,,,,
COF,1998,1998-12-31,,209,1.32,,,,275,275,1998-12-31,444,169,,,,,
COF,1997,1997-12-31,,203,0.93,,,,189,189,1997-12-31,305,116,,,,,
COF,1996,1996-12-31,,201,0.77,,,,155,155,1996-12-31,248,93,,,,,
COF,1995,1995-12-31,,199,0.64,,,,127,127,1995-12-31,198,71,,,,,
COF,1994,1994-12-31,,198,0.48,,,,95,95,1994-12-31,147,52,,,,,
COF,1993,1993-12-31,,198,0.56,,,,110,110,1993-12-31,171,60,,,,,
COF,1992,1992-12-31,,198,0.16,,,,32,32,1992-12-31,49,17,,,,,
COF,1991,1991-12-31,,198,0.18,,,,35,35,1991-12-31,53,18,,,,,
CAH,2020,2020-06-30,146054,293,0.65853,-4114,6868,341,-3696,-3693,2020-06-30,-3772,-79,,152922,4572,10982,1
CAH,2019,2019-06-30,138700,301,3.91444,2060,6834,-307,1363,1365,2019-06-30,1751,386,,145534,4480,4774,-2
CAH,2018,2018-06-30,129628,313,1.74617,124,7181,-334,256,-677,2018-06-30,-228,449,,136809,4596,7057,-18
CAH,2017,2017-06-30,123432,320,4.56515,2120,6544,-206,1288,1294,2017-06-30,1924,630,,129976,3775,4424,10
CAH,2016,2016-06-30,115003,330,4.47857,2459,6543,-195,1427,1431,2016-06-30,2276,845,,121546,3648,4084,12
CAH,2015,2015-06-30,96819,335,4.1274,2101,5712,-186,1215,1212,2015-06-30,1967,755,,102531,3143,3611,52
CAH,2014,2014-06-30,85923,345,3.73,1885,5161,-89,1166,1163,2014-06-30,1798,635,,91084,2899,3276,2
CAH,2013,2013-06-30,96172,344,2.78,996,4921,-123,334,335,2013-06-30,888,553,,101093,2810,3925,15
CAH,2012,2012-06-30,103011,349,3.14,1792,4541,-95,1069,1070,2012-06-30,1698,628,,107552,2675,2749,1
CAH,2011,2011-06-30,98482,353,2.68,1514,4162,-93,959,966,2011-06-30,1518,552,,102644,2585,2648,22
CAH,2010,2010-06-30,94722,361,1.57,1267,3781,-114,642,587,2010-06-30,1212,625,,98503,2408,2514,14
CAH,2009,2009-06-30,93986,362,3.52,1886,5526,-219,1152,1143,2009-06-30,1667,524,,99512,3438,3641,
CAH,2008,2008-06-30,85457,364,3.71,2121,5634,-171,1301,1316,2008-06-30,1950,634,,91091,3415,3513,
CAH,2007,2007-06-30,81607,405,3.21,1374,5245,-121,1931,840,2007-06-30,1252,413,,86852,3082,3871,
CAH,2006,2006-06-30,76083,429,3.04,1967,5281,-132,1000,1245,2006-06-30,1835,590,,81364,3199,3314,
CAH,2005,2005-06-30,69904,436,2.89,1763,5007,-134,1051,1047,2005-06-30,1629,583,,74911,2862,3244,
CAH,2004,2004-06-30,60312,440,3.52,2337,4741,-99,1475,1525,2004-06-30,2238,714,,65054,2347,2404,
CAH,2003,2003-06-30,52227,454,3.07,2242,4510,-115,1406,1412,2003-06-30,2127,715,,56737,2228,2268,
CAH,2002,2002-06-30,47090,460,2.53,1834,4046,-133,1056,1126,2002-06-30,1701,575,,51136,2074,2212,
CAH,2001,2001-06-30,44336,456,2.06,1487,3612,-155,857,857,2001-06-30,1332,475,,47948,1951,2125,
CAH,2000,2000-06-30,26984,427,1.62,1195,2887,-117,680,680,2000-06-30,1078,398,,29871,1627,1692,
CAH,1999,1999-06-30,22449,419,1.09,877,2584,-99,456,456,1999-06-30,759,303,,25034,1565,1708,-18
CAH,1998,1998-06-30,14877,251,1.01,416,1042,-23,247,247,1998-06-30,403,155,,15918,568,625,10
CAH,1997,1997-06-30,10063,246,0.74,334,905,-28,181,181,1997-06-30,312,131,,10968,514,571,6
CAH,1996,1996-06-30,8147,146,0.77,215,715,-24,112,112,1996-06-30,202,90,,8862,433,501,11
CAH,1995,1995-06-30,7342,95,0.89,164,464,-19,85,85,1995-06-30,147,62,,7806,301,300,2
CAH,1994,1994-06-30,5435,207,0.25,86,355,-18,35,35,1994-06-30,71,36,,5790,233,269,3
CAH,1993,1993-03-31,1840,130,0.24,63,127,-13,34,34,1993-03-31,54,20,,1967,68,64,5
CAH,1992,1992-03-31,1538,130,0.19,47,110,-12,25,25,1992-03-31,41,16,,1648,63,62,5
CAH,1991,1991-03-31,1102,82,0.24,35,82,-11,17,17,1991-03-31,29,11,,1184,48,48,4
CAH,1990,1990-03-31,814,70,0.19,25,60,-6,13,13,1990-03-31,21,8,,874,35,35,2
CAH,1989,1989-03-31,653,69,0.15,18,48,-7,13,9,1989-03-31,14,5,,700,29,29,2
CAH,1988,1988-03-31,489,68,0.1,13,35,-6,7,5,1988-03-31,8,3,,525,22,23,1
CAH,1987,1987-03-31,384,67,0.09,10,27,-5,5,4,1987-03-31,7,3,,411,17,18,3
KMX,2020,2020-02-29,17597.647,166.82,5.3257,1160.986,2722.34,,888.433,888.433,2020-02-29,1160.986,272.553,,20319.987,1940.067,1561.3539999999994,
KMX,2019,2019-02-28,15692.509,175.884,4.78959,1112.806,2480.591,,842.413,842.413,2019-02-28,1112.806,270.393,,18173.1,1730.275,1367.7850000000017,
KMX,2018,2018-02-28,14791.35,184.47,3.66462,1063.608,2328.859,,664.112,676.012,2018-02-28,1063.608,387.596,,17120.209,1617.051,1265.2510000000002,
KMX,2017,2017-02-28,13691.824,192.215,3.26182,1006.405,2183.294,,626.97,626.97,2017-02-28,1006.405,379.435,,15875.118,1488.504,1176.8889999999992,
KMX,2016,2016-02-29,13130.915,205.54,3.03312,1009.944,2018.76,,623.428,623.428,2016-02-29,1009.944,386.516,,15149.675,1351.935,1008.8159999999989,
KMX,2015,2015-02-28,12381.189,218.691,2.73152,969.331,1887.527,,597.358,597.358,2015-02-28,969.331,371.973,,14268.716,1257.725,918.1959999999999,
KMX,2014,2014-02-28,10926,228,2.16,797,1649,,493,493,2014-02-28,797,305,,12574,1155,851,1
KMX,2013,2013-02-28,9498,232,1.87,701,1464,,434,434,2013-02-28,701,267,,10963,1031,763,-1
KMX,2012,2012-02-29,8625,231,1.79,667,1379,,414,414,2012-02-29,667,253,,10004,941,712,
KMX,2011,2011-02-28,7674,228,1.67,613,1301,,381,381,2011-02-28,613,233,,8976,905,688,
KMX,2010,2010-02-28,6371,222,1.26,452,1099,,282,282,2010-02-28,452,171,,7470,819,647,
KMX,2009,2009-02-28,6006,221,0.27,97,968,,59,59,2009-02-28,97,38,,6974,882,871,
KMX,2008,2008-02-29,7127,221,0.82,297,1072,,182,182,2008-02-29,297,115,,8200,858,776,
KMX,2007,2007-02-28,6495,217,0.92,323,971,,199,199,2007-02-28,323,125,,7466,776,647,
KMX,2006,2006-02-28,5469,213,0.7,240,791,,148,148,2006-02-28,240,92,,6260,652,551,
KMX,2005,2005-02-28,4610,212,0.53,185,650,,113,113,2005-02-28,185,72,,5260,547,466,
KMX,2004,2004-02-29,4027,211,0.54,189,571,,116,116,2004-02-29,189,73,,4598,468,381,
KMX,2003,2003-02-28,3502,209,0.48,157,468,,95,95,2003-02-28,157,62,,3970,385,311,
KMX,2002,2002-02-28,3114,208,0.44,146,404,,91,91,2002-02-28,146,56,,3518,334,258,
KMX,2001,2001-02-28,2171,208,0.22,73,330,,46,46,2001-02-28,73,28,,2501,244,257,
KMX,2000,2000-02-29,1775,208,0.01,2,240,,1,1,2000-02-29,2,1,,2015,228,238,
KMX,1999,1999-02-28,1294,204,-0.12,-39,172,,-24,-24,1999-02-28,-39,-15,,1466,204,211,
KMX,1998,1998-02-28,801,204,-0.17,-56,74,,-34,-34,1998-02-28,-56,-22,,874,128,129,
KMX,1997,1997-02-28,467,204,-0.05,-16,43,,-9,-9,1997-02-28,-16,-7,,510,53,59,
KMX,1996,1996-02-29,252,204,-0.03,-9,24,,-5,-5,1996-02-29,-9,-4,,276,28,33,
KMX,1995,1995-02-28,72,204,-0.02,-7,5,,-4,-4,1995-02-28,-7,-3,,77,11,12,
KMX,1994,1994-02-28,14,204,-0.01,-3,2,,-2,-2,1994-02-28,-3,-1,,16,5,5,
CCL,2019,2019-11-30,12908,692,4.32646,3276,7917,-183,2989,2989,2019-11-30,3060,71,,20825,2480,4641,-33
CCL,2018,2018-11-30,11090,710,4.3882,3325,7791,-121,3153,3153,2018-11-30,3207,54,,18881,2450,4466,3
CCL,2017,2017-11-30,10501,725,3.71043,2809,7009,-154,2606,2606,2017-11-30,2666,60,,17510,2265,4200,11
CCL,2016,2016-11-30,9383,747,3.71758,3071,7006,-264,2779,2779,2016-11-30,2828,49,,16389,2197,3935,21
CCL,2015,2015-11-30,9447,779,2.25546,2574,6267,-785,1757,1757,2015-11-30,1799,42,,15714,2067,3693,10
CCL,2014,2014-11-30,10403,778,1.59,1792,5481,-551,1236,1236,2014-11-30,1245,9,,15884,2054,3689,4
CCL,2013,2013-11-30,10624,777,1.4,1352,4832,-272,1078,1078,2013-11-30,1072,-6,,15456,1879,3480,-8
CCL,2012,2012-11-30,10320,779,1.89,1642,5062,-333,1298,1298,2012-11-30,1302,4,,15382,1720,3420,-7
CCL,2011,2011-11-30,10299,789,2.42,2255,5494,-353,1912,1912,2011-11-30,1912,0,,15793,1717,3239,10
CCL,2010,2010-11-30,9092,805,2.45,2347,5377,-366,1978,1978,2010-11-30,1979,1,,14469,1614,3030,-2
CCL,2009,2009-11-30,8104,804,2.24,2154,5053,-366,1790,1790,2009-11-30,1806,16,,13157,1590,2899,18
CCL,2008,2008-11-30,9039,816,2.9,2729,5607,-379,2330,2330,2008-11-30,2377,47,,14646,1629,2878,27
CCL,2007,2007-11-30,7628,828,2.95,2725,5405,-300,2408,2408,2007-11-30,2424,16,,13033,1579,2680,-1
CCL,2006,2006-11-30,6791,836,2.77,2613,5048,-287,2279,2279,2006-11-30,2318,39,,11839,1447,2435,-8
CCL,2005,2005-11-30,6218,853,2.7,2639,4876,-301,2253,2253,2005-11-30,2325,72,,11094,1335,2237,-13
CCL,2004,2004-11-30,5457,851,2.24,2173,4270,-267,1854,1854,2004-11-30,1901,47,,9727,1285,2097,-5
CCL,2003,2003-11-30,3818,724,1.66,1383,2900,-168,1194,1194,2003-11-30,1223,29,,6718,932,1517,8
CCL,2002,2002-11-30,2312,588,1.75,1042,2056,-79,1016,1016,2002-11-30,959,-57,,4368,612,1014,-4
CCL,2001,2001-11-30,2469,587,1.73,892,2067,-86,926,926,2001-11-30,914,-12,,4536,619,1175,109
CCL,2000,2000-11-30,2058,602,1.6,983,1720,-25,965,965,2000-11-30,967,1,,3779,487,738,8
CCL,1999,1999-11-30,1863,616,1.66,1020,1635,-5,1027,1041,1999-11-30,1044,3,,3497,447,615,29
CCL,1998,1998-11-30,1619,598,1.4,897,1390,-48,836,847,1998-11-30,851,4,,3009,369,494,2
CCL,1997,1997-11-30,1323,597,1.12,714,1125,-47,666,666,1997-11-30,672,6,,2447,297,410,5
CCL,1996,1996-11-30,1241,591,0.96,597,971,-45,566,566,1996-11-30,575,9,,2213,275,374,23
CCL,1995,1995-11-30,1131,582,0.79,490,867,-49,451,451,1995-11-30,460,9,,1998,249,377,19
CCL,1994,1994-11-30,1028,579,0.67,444,778,-51,382,382,1994-11-30,392,10,,1806,223,334,0
CCL,1993,1993-11-30,908,565,0.56,348,649,-34,318,318,1993-11-30,324,5,,1557,208,301,10
CCL,1992,1992-11-30,866,563,0.5,325,608,-54,277,282,1992-11-30,291,9,,1474,194,283,20
CCL,1991,1991-11-30,810,548,0.46,316,594,-65,85,254,1991-11-30,263,9,,1405,193,279,12
CCL,1990,1990-11-30,815,539,0.38,270,576,-58,206,206,1990-11-30,211,5,,1391,217,307,-1
CCL,1989,1989-11-30,660,539,0.36,241,488,-60,194,194,1989-11-30,200,6,,1148,180,247,19
CCL,1988,1988-11-30,304,538,0.37,163,270,-2,196,201,1988-11-30,201,0,,574,82,107,40
CCL,1987,1987-11-30,305,118,1.3,152,259,-13,153,153,1987-11-30,153,,,564,82,107,14
CCL,1986,1986-11-30,233,437,0.22,101,188,-7,98,98,1986-11-30,98,0,,421,71,87,4
CCL,1985,1985-11-30,188,437,0.13,57,125,-4,56,56,1985-11-30,56,0,,314,58,69,3
CARR,2019,2019-12-31,13153,866.22344,2.66066,2491,5455,27,2116,2155,2019-12-31,2672,517,401,18608,2671,2964,154
CARR,2018,2018-12-31,13309,866.22344,3.22279,3637,5605,37,2734,2769,2018-12-31,3842,1073,400,18914,2645,1968,168
CARR,2017,2017-12-31,12581,866.22344,1.46966,3030,5233,-115,1227,1267,2017-12-31,3054,1787,364,17814,2521,2203,139
CAT,2019,2019-12-31,36508,567.5,10.77619,8290,17292,-227,6093,5888,2019-12-31,7812,1924,1693,53800,5162,9002,-251
CAT,2018,2018-12-31,36815,599.4,10.57737,8293,17907,-513,6147,6020,2018-12-31,7822,1802,1850,54722,5478,9614,42
CAT,2017,2017-12-31,31087,599.3,6.70501,4545,14375,-409,754,3114,2017-12-31,4082,968,1842,45462,4999,9830,-54
CAT,2016,2016-12-31,27782,584.3,1.68081,1162,10755,-451,-67,-53,2016-12-31,139,192,1853,38537,4383,9593,-572
CAT,2015,2015-12-31,33284,601.3,6.06998,3785,13727,-527,2512,2523,2015-12-31,3439,916,2119,47011,4951,9942,181
CAT,2014,2014-12-31,39767,629,6.39,5328,15417,-466,3695,3703,2014-12-31,5083,1380,2135,55184,5697,10089,221
CAT,2013,2013-12-31,41455,659,6.03,5627,14201,-703,3789,3809,2013-12-31,5128,1319,2046,55656,5547,8574,204
CAT,2012,2012-12-31,47851,670,8.89,8571,18024,-445,5681,5708,2012-12-31,8236,2528,2466,65875,5919,9453,110
CAT,2011,2011-12-31,43578,666,7.53,7148,16560,-273,4928,5005,2011-12-31,6725,1720,2297,60138,5203,9412,-150
CAT,2010,2010-12-31,30367,650,4.19,3960,12221,-303,2700,2782,2010-12-31,3750,968,1905,42588,4248,8261,93
CAT,2009,2009-12-31,23886,626,2.67,565,8510,-109,895,839,2009-12-31,569,-270,1421,32396,3645,7945,113
CAT,2008,2008-12-31,38415,628,5.71,4411,12909,-18,3557,3520,2008-12-31,4473,953,1728,51324,4399,8498,80
CAT,2007,2007-12-31,32626,660,5.37,4921,12332,-98,3541,3468,2007-12-31,4953,1485,1404,44958,3821,7411,130
CAT,2006,2006-12-31,29549,684,5.17,4921,11968,-147,3537,3456,2006-12-31,4861,1405,1347,41517,3706,7047,87
CAT,2005,2005-12-31,26558,706,4.04,3784,9781,-6,2854,2781,2005-12-31,3901,1120,1084,36339,3190,5997,123
CAT,2004,2004-12-31,22420,707,2.88,2733,7831,-18,2035,1976,2004-12-31,2707,731,928,30251,3072,5098,-8
CAT,2003,2003-12-31,16945,703,1.62,1633,5818,-162,1099,1079,2003-12-31,1477,398,669,22763,2470,4185,6
CAT,2002,2002-12-31,14709,694,1.15,1319,5443,-235,798,802,2002-12-31,1114,312,656,20152,2531,4124,30
CAT,2001,2001-12-31,14752,694,1.28,1311,5698,-218,805,802,2001-12-31,1169,367,696,20450,2567,4387,76
CAT,2000,2000-12-31,14497,698,1.63,1737,5678,-274,1053,1081,2000-12-31,1528,447,649,20175,2367,3941,65
CAT,1999,1999-12-31,14481,719,1.32,1494,5221,-218,946,966,1999-12-31,1421,455,626,19702,2347,3727,145
CAT,1998,1998-12-31,15031,736,2.05,2253,5946,-186,1513,1509,1998-12-31,2174,665,643,20977,2561,3693,107
CAT,1997,1997-12-31,13374,761,2.19,2430,5551,-114,1665,1617,1997-12-31,2413,796,528,18925,2232,3121,97
CAT,1996,1996-12-31,11832,777,1.75,1971,4690,-82,1361,1328,1996-12-31,1941,613,410,16522,1993,2719,52
CAT,1995,1995-12-31,12000,801,1.42,1681,4072,-121,1136,1114,1995-12-31,1615,501,375,16072,1723,2391,55
CAT,1994,1994-12-31,10834,812,1.18,1644,3494,-410,955,919,1994-12-31,1273,354,311,14328,1539,1850,39
CAT,1993,1993-12-31,9075,811,0.84,798,2540,-440,652,680,1993-12-31,722,42,319,11615,1423,1742,364
CAT,1992,1992-12-31,8444,807,-0.27,31,1750,-497,-2435,-204,1992-12-31,-318,-114,310,10194,1409,1719,148
CAT,1991,1991-12-31,8451,807,-0.29,-180,1731,-469,-404,-419,1991-12-31,-571,-152,272,10182,1377,1911,78
CAT,1990,1990-12-31,9218,804,0.26,542,2218,-406,210,183,1990-12-31,261,78,238,11436,1438,1676,125
CAT,1989,1989-12-31,8727,811,0.61,826,2399,-372,497,459,1989-12-31,621,162,235,11126,1338,1573,167
CAT,1988,1988-12-31,8011,811,0.76,1000,2424,-340,616,580,1988-12-31,842,262,182,10435,1242,1424,182
CAT,1987,1987-12-31,6523,797,0.4,541,1771,-252,350,341,1987-12-31,459,118,159,8294,1071,1230,170
CAT,1986,1986-12-31,5952,789,0.21,158,1428,-215,76,82,1986-12-31,103,21,178,7380,980,1270,160
CAT,1985,1985-12-31,5356,782,0.33,233,1369,-234,198,189,1985-12-31,216,27,218,6725,849,1136,217
CAT,1984,1984-12-31,5596,767,-0.37,-339,980,-265,-428,-427,1984-12-31,-541,-114,231,6576,862,1319,63
CAT,1983,1983-12-31,4666,739,-0.37,-422,758,-306,-345,-336,1983-12-31,-599,-263,220,5424,848,1180,129
CBOE,2019,2019-12-31,1359.2,111.8,3.65445,537.2,1136.9,-35.9,374.9,370.8,2019-12-31,501.4,130.6,,2496.1,336.4,599.7,0.1
CBOE,2018,2018-12-31,1551.9,112.2,3.96107,599.4,1216.9,-38.2,426.5,425.2,2018-12-31,571.2,146,,2768.8,369.5,617.5,10
CBOE,2017,2017-12-31,1233.5,107.5,2.40443,371.9,995.6,-41.3,401.7,209.5,2017-12-31,334.4,124.9,,2229.1,337,623.7,3.8
CBOE,2016,2016-12-31,77.953,81.432,2.27116,298.2,578.993,8.404,186.82,185.72,2016-12-31,306.604,120.884,,656.946,231.724,280.793,
CBOE,2015,2015-12-31,70.574,83.081,2.45694,319.928,563.971,4.096,205.023,205.023,2015-12-31,324.024,119.001,,634.545,192.92,244.043,
CBOE,2014,2014-12-31,66.1,85.4,2.21,313.8,551.1,-4.1,189.7,189.7,2014-12-31,309.7,120,,617.2,191.7,237.29999999999998,
CBOE,2013,2013-12-31,56.6,87.3,1.99,285.8,515.5,-2.2,176,176,2013-12-31,283.7,107.7,,572.1,189.7,229.6,
CBOE,2012,2012-12-31,46.1,87.5,1.78,244.1,466.2,-1.5,157.4,157.4,2012-12-31,242.6,85.2,,512.3,181.4,222.1,
CBOE,2011,2011-12-31,47.8,90,1.54,241.6,460.3,-1.5,139.4,139.4,2011-12-31,240.1,100.7,,508.1,179.1,218.7,
CBOE,2010,2010-12-31,41.4,95.8,1.03,167.3,395.8,-2.7,99.4,99.4,2010-12-31,164.6,65.2,,437.1,193.7,228.4,
CBOE,2009,2009-12-31,33.1,93,1.16,177.6,393,-0.4,106.5,106.5,2009-12-31,177.2,70.8,,426.1,180.2,215.4,
CBOE,2008,2008-12-31,35.2,92.8,1.24,187.3,381.5,6.1,115.3,115.3,2008-12-31,193.4,78.1,,416.8,161.7,194.3,
CBOE,2007,2007-12-31,29,92.8,0.9,136.5,315.3,3.5,83.2,83.2,2007-12-31,140,56.8,,344.3,146.1,178.8,
CBOE,2006,2006-12-31,23.6,68,0.56,68,229.7,4,42.1,42.1,2006-12-31,72,29.9,,253.2,133.5,161.6,
CBOE,2005,2005-12-31,22,68,0.18,18.2,179.1,1.7,10.9,10.9,2005-12-31,19.9,9,,201,123.6,160.8,
CBRE,2019,2019-12-31,18646.013,340.52287,4.19386,1257.267,5248.078,75.171,1282.357,1291.45,2019-12-31,1361.345,69.895,,23894.091,3453.509,3990.8110000000015,28.907
CBRE,2018,2018-12-31,16449.212,343.12274,3.06581,1060.007,4890.876,225.979,1063.219,1079.248,2018-12-31,1379.006,299.758,,21340.088,3365.773,3830.868999999999,93.02
CBRE,2017,2017-12-31,14305.099,340.78356,2.48236,1078.682,4323.688,83.246,697.109,846.976,2017-12-31,1171.333,324.357,,18628.787,2858.72,3245.0059999999994,9.405
CBRE,2016,2016-12-31,13420.911,338.42456,1.90877,816.831,3948.197,60.551,573.079,585.17,2016-12-31,882.07,296.9,,17369.108,2780.301,3131.365999999998,4.688
CBRE,2015,2015-12-31,7082.932,336.41486,1.44245,833.259,3772.878,50.28,547.132,558.877,2015-12-31,879.73,320.853,,10855.81,2633.609,2939.6189999999997,-3.809
CBRE,2014,2014-12-31,5611.262,334.17151,1.38151,769.167,3438.656,-4.088,484.503,513.503,2014-12-31,777.262,263.759,,9049.918,2438.96,2669.4890000000005,12.183
CBRE,2013,2013-12-31,4189,332,1.14,560,2995,-64,317,322,2013-12-31,509,187,,7185,2104,2436,14
CBRE,2012,2012-12-31,3743,327,1.07,585,2772,-107,316,304,2012-12-31,489,185,,6514,2003,2186,11
CBRE,2011,2011-12-31,3457,324,0.85,463,2448,-36,239,240,2011-12-31,430,189,,5905,1883,1986,3
CBRE,2010,2010-12-31,2960,319,0.62,446,2155,-174,200,142,2010-12-31,272,130,,5115,1608,1709,0
CBRE,2009,2009-12-31,2448,280,0.29,242,1718,-246,33,-28,2009-12-31,-1,27,,4166,1384,1476,4
CBRE,2008,2008-12-31,2927,211,-0.99,-788,2202,-175,-1012,-1022,2008-12-31,-971,51,,5129,1747,2990,-8
CBRE,2007,2007-12-31,3201,235,1.74,699,2834,-81,391,388,2007-12-31,581,193,,6034,1989,2134,-38
CBRE,2006,2006-12-31,2111,235,1.44,516,1922,-8,319,319,2006-12-31,517,198,,4032,1304,1405,9
CBRE,2005,2005-12-31,1470,230,0.97,365,1441,-9,217,217,2005-12-31,356,139,,2911,1023,1076,
CBRE,2004,2004-12-31,1204,214,0.43,169,1161,-61,65,65,2004-12-31,108,44,,2365,910,992,
CBRE,2003,2003-12-31,796,153,-0.07,40,834,-81,-35,-35,2003-12-31,-41,-6,,1630,678,794,
CBRE,2002,2002-12-31,547,127,0.15,106,623,-57,19,19,2002-12-31,49,30,,1170,502,517,
CBRE,2001,2001-12-31,264,66,0.31,63,299,-27,17,17,2001-12-31,35,18,,563,219,236,
CDW,2019,2019-12-31,14992.5,147.8,5.02606,1133.6,3039.9,-159.4,736.8,736.8,2019-12-31,949.7,212.9,,18032.4,1906.3,1906.2999999999993,-24.5
CDW,2018,2018-12-31,13533.6,153.6,4.2076,987.3,2706.9,-148.6,643,641.1,2018-12-31,840.5,199.4,,16240.5,1719.6,1719.6000000000004,1.8
CDW,2017,2017-12-31,12382.7,158.2,3.12995,809.1,2450.2,-150.5,523.1,447.6,2017-12-31,660.7,213.1,,14832.9,1583.7,1641.0999999999985,2.1
CDW,2016,2016-12-31,11344.4,166,2.57872,817.9,2328.3,-146.5,425.1,425.1,2016-12-31,673.2,248.1,,13672.7,1508.3,1510.3999999999996,1.8
CDW,2015,2015-12-31,10872.9,171.8,2.45948,717.7,2115.8,-61.4,403.1,403.1,2015-12-31,647,243.9,,12988.7,1373.8,1398.1000000000004,-9.3
CDW,2014,2014-12-31,10153,173,1.72,582,1921,-197,245,245,2014-12-31,388,143,,12075,1248,1339,3
CDW,2013,2013-12-31,9008,159,0.76,445,1760,-250,133,133,2013-12-31,196,63,,10769,1252,1316,1
CDW,2012,2012-12-31,8459,168,0.77,493,1670,-307,119,119,2012-12-31,186,67,,10128,1159,1176,0
CDW,2011,2011-12-31,8019,168,0.53,352,1584,-324,17,17,2011-12-31,28,11,,9602,1113,1232,1
CDW,2010,2010-12-31,7410,168,-0.18,355,1391,-392,-29,-29,2010-12-31,-37,-8,,8801,1038,1037,0
CDW,2009,2009-12-31,6030,168,-1.28,-32,1133,-432,-373,-373,2009-12-31,-461,-88,,7163,923,1165,2
CDW,2008,2008-12-31,6710,168,-3.87,-1387,1361,-390,-1765,-1765,2008-12-31,-1777,-12,,8071,1036,2748,0
CDW,2007,2007-12-31,6827,,,316,1318,-88,134,134,2007-12-31,228,94,,8145,1002,1002,0
CDW,2006,2006-12-31,5716,,,396,1070,20,266,266,2006-12-31,414,148,,6786,648,673,-2
CDW,2005,2005-12-31,5324,,,420,968,15,272,272,2005-12-31,433,161,,6292,548,548,-2
CE,2019,2019-12-31,4691,124.65176,8.32135,834,1606,182,852,864,2019-12-31,988,124,67,6297,483,772,-28
CE,2018,2018-12-31,5183,135.41686,8.87476,1334,1972,230,1207,1211,2018-12-31,1510,299,72,7155,546,638,-54
CE,2017,2017-12-31,4629,138.3174,7.2491,857,1511,171,843,952,2017-12-31,1075,123,73,6140,496,654,47
CE,2016,2016-12-31,3984,145.66818,6.22241,934,1405,139,900,908,2016-12-31,1030,122,78,5389,378,471,-43
CE,2015,2015-12-31,4356,152.28796,3.39962,326,1318,216,304,287,2015-12-31,488,201,119,5674,506,992,-54
CE,2014,2014-12-31,5186,156.2,4.01,758,1616,233,624,627,2014-12-31,941,314,86,6802,758,858,-50
CE,2013,2013-12-31,5145,159.3,4.43,1508,1365,101,1101,1101,2013-12-31,1609,508,85,6510,311,-143,0
CE,2012,2012-12-31,5226,159.8,3.91,511,1192,141,605,609,2012-12-31,657,48,102,6418,507,681,5
CE,2011,2011-12-31,5329,158.9,4.07,690,1434,51,607,606,2011-12-31,755,149,96,6763,536,744,14
CE,2010,2010-12-31,4738,158.4,2.88,503,1180,28,377,426,2010-12-31,538,112,70,5918,505,677,7
CE,2009,2009-12-31,4079,157.1,3.47,290,1003,-53,488,484,2009-12-31,241,-243,75,5082,469,713,4
CE,2008,2008-12-31,5567,163.5,2.88,440,1256,-9,282,371,2008-12-31,434,63,80,6823,540,816,3
CE,2007,2007-12-31,4999,171.2,2.13,748,1445,-276,426,337,2007-12-31,447,110,73,6444,516,697,-25
CE,2006,2006-12-31,5214,171.8,2.46,747,1442,-171,406,411,2006-12-31,664,253,70,6656,538,695,88
CE,2005,2005-12-31,4773,166.2,2.15,561,1297,-288,277,305,2005-12-31,362,57,91,6070,562,736,89
CE,2004,2004-12-31,4094,99.4,-1.21,130,975,-232,-175,-189,2004-12-31,-102,87,90,5069,635,845,-1
CE,2003,2003-12-31,3883,49.5,4.4,118,720,85,148,143,2003-12-31,203,60,89,4603,510,602,-107
CE,2002,2002-12-31,3171,50.3,2.23,173,665,11,168,123,2002-12-31,184,61,65,3836,446,492,0
CE,2001,2001-12-31,3409,50.3,-0.48,-417,561,-2,-365,-313,2001-12-31,-419,-106,74,3970,489,978,-28
CNC,2019,2019-12-31,61327,420.409,4.6098,1751,13312,-412,1321,1309,2019-12-31,1782,473,,74639,10917,11561,443
CNC,2018,2018-12-31,49152,398.506,2.94883,1458,10964,-343,900,894,2018-12-31,1368,474,,60116,8874,9506,253
CNC,2017,2017-12-31,39698,353.404,2.18692,1199,8684,-255,828,683,2017-12-31,1134,451,,48382,7213,7485,190
CNC,2016,2016-12-31,32961,327.95081,1.70452,1260,7646,-217,562,558,2016-12-31,1157,599,,40607,6239,6386,114
CNC,2015,2015-12-31,19078,246.13274,1.44637,705,3682,-43,355,358,2015-12-31,697,339,,22760,2977,2977,35
CNC,2014,2014-12-31,14084,241,1.11,464,2476,-35,271,261,2014-12-31,457,196,,16560,2012,2012,28
CNC,2013,2013-12-31,9322,225,0.72,277,1542,-27,165,162,2013-12-31,269,107,,10863,1264,1264,18
CNC,2012,2012-12-31,7534,215,0.09,-27,1134,15,2,-11,2012-12-31,-12,0,,8668,1133,1161,
CNC,2011,2011-12-31,4403,210,0.55,182,938,-7,111,108,2011-12-31,175,67,,5341,747,756,
CNC,2010,2010-12-31,3578,202,0.45,157,870,-3,95,94,2010-12-31,154,60,,4448,713,713,
CNC,2009,2009-12-31,3224,177,0.49,138,879,-1,84,89,2009-12-31,138,49,,4103,740,741,
CNC,2008,2008-12-31,2697,178,0.47,132,667,5,83,84,2008-12-31,137,52,,3365,536,536,
CNC,2007,2007-12-31,2386,179,0.23,54,533,10,73,41,2007-12-31,64,22,,2919,479,479,
CNC,2006,2006-12-31,1881,173,0.05,-29,398,7,-44,-44,2006-12-31,-22,22,,2279,346,427,
CNC,2005,2005-12-31,1233,180,0.31,79,273,7,56,56,2005-12-31,86,30,,1506,194,194,
CNC,2004,2004-12-31,809,174,0.25,65,192,6,44,44,2004-12-31,70,26,,1001,128,127,
CNC,2003,2003-12-31,635,154,0.22,47,135,5,33,32,2003-12-31,52,20,,770,88,88,
CNC,2002,2002-12-31,380,140,0.18,32,82,10,26,26,2002-12-31,41,16,,461,50,50,
CNC,2001,2001-12-31,270,96,0.13,18,56,4,13,13,2001-12-31,22,9,,327,38,38,
CNC,2000,2000-12-31,182,82,0.09,7,39,1,8,8,2000-12-31,7,-1,,221,32,33,
CNC,1999,1999-12-31,178,11,-0.55,-7,23,1,-9,-5,1999-12-31,-5,0,,201,30,30,
CNC,1998,1998-12-31,132,13,-0.39,-7,18,1,-7,-5,1998-12-31,-6,-2,,150,25,25,
CNC,1997,1997-12-31,96,13,-0.04,-1,19,0,-1,-1,1997-12-31,-1,0,,115,20,20,
CNC,1996,1996-12-31,60,40,0.04,2,13,0,2,2,1996-12-31,2,1,,73,11,11,
CNP,2019,2019-12-31,,505.157,1.41514,1226,,-639,791,791,2019-12-31,929,138,,,,11075,342
CNP,2018,2018-12-31,,452.465,0.73597,831,,-599,368,368,2018-12-31,514,146,,,,9758,282
CNP,2017,2017-12-31,,434.308,1.56341,1136,,-20,1792,679,2017-12-31,1063,384,,,,8478,-53
CNP,2016,2016-12-31,,433.603,0.9963,1023,,-721,432,432,2016-12-31,686,254,,,,6505,384
CNP,2015,2015-12-31,,430.18,-1.60863,933,,-2035,-692,-692,2015-12-31,-1130,-438,,7252,,6453,-28
CNP,2014,2014-12-31,,432,1.41435,935,,-86,611,611,2014-12-31,885,274,,0,,8291,36
CNP,2013,2013-12-31,,431,0.72,1010,,-446,311,311,2013-12-31,781,470,,8095,,7096,217
CNP,2012,2012-12-31,,430,1.12,1174,,-455,417,417,2012-12-31,757,340,,7452,,6278,38
CNP,2011,2011-12-31,,429,1.8,1298,,-499,1357,770,2011-12-31,1174,404,,8450,,7152,375
CNP,2010,2010-12-31,,413,1.07,1249,,-556,442,442,2010-12-31,705,263,,8785,,7536,12
CNP,2009,2009-12-31,,368,1.01,1127,,-618,372,372,2009-12-31,548,176,,8281,,7154,39
CNP,2008,2008-12-31,,344,1.3,1273,,-562,447,447,2008-12-31,725,278,,11322,,10049,14
CNP,2007,2007-12-31,,343,1.1,1217,,-640,399,399,2007-12-31,594,195,,9623,,8406,17
CNP,2006,2006-12-31,,325,1.33,1045,,-580,432,432,2006-12-31,494,62,,9319,,8274,29
CNP,2005,2005-12-31,,346,0.68,939,,-705,252,225,2005-12-31,378,153,,9722,,8783,144
CNP,2004,2004-12-31,,360,0.61,864,,-766,-905,206,2004-12-31,344,138,,7999,,7136,246
CNP,2003,2003-12-31,73,306,1.37,1604,,-953,484,420,2003-12-31,636,216,,9760,,8083,-15
CNP,2002,2002-12-31,95,300,1.4,1329,,-758,-3920,386,2002-12-31,594,208,,7922,,6498,23
CNP,2001,2001-12-31,19972,292,3.6,1989,,-694,981,919,2001-12-31,1419,500,,46226,,24265,123
CNP,2000,2000-12-31,8628,287,2.98,1879,,-858,448,771,2000-12-31,1148,377,,29339,,18832,127
CNP,1999,1999-12-31,4137,286,6.04,1241,,1260,1482,1666,1999-12-31,2565,899,,15303,,9925,64
CNP,1998,1998-12-31,2215,284,-0.46,1507,,-1622,-112,-112,1998-12-31,-142,-30,,11161,,7767,-27
CNP,1997,1997-12-31,699,254,1.66,1065,,-468,421,421,1997-12-31,627,206,,6949,,5110,31
CNP,1996,1996-12-31,322,244,1.92,895,,-276,405,405,1996-12-31,605,200,,4087,,2878,-14
CNP,1995,1995-12-31,233,248,1.6,905,,,1106,397,1995-12-31,597,200,,3680,,2592,-308
CNP,1994,1994-12-31,565,246,1.66,1012,,-397,399,407,1994-12-31,626,219,,3746,,2425,11
CNP,1993,1993-12-31,664,260,1.6,1022,,-423,416,416,1993-12-31,647,231,,4080,,2638,48
CNP,1992,1992-12-31,1084,259,1.54,942,,-449,435,340,1992-12-31,505,165,,4360,,2570,12
CNP,1991,1991-12-31,1023,258,1.62,1030,,-478,417,417,1991-12-31,629,211,,4219,,2391,77
CNP,1990,1990-12-31,987,255,1.33,951,,-432,339,339,1990-12-31,512,172,,3979,,2241,-7
CNP,1989,1989-12-31,929,249,1.66,785,,-319,413,413,1989-12-31,642,229,,3639,,2075,176
CNP,1988,1988-12-31,769,236,1.67,690,,-285,395,395,1988-12-31,536,141,,3541,,2082,131
CNP,1987,1987-12-31,810,233,1.87,712,,-238,435,435,1987-12-31,653,218,,3514,,1992,179
CNP,1986,1986-12-31,868,223,1.9,727,,-247,425,425,1986-12-31,641,216,,3431,,1941,161
CNP,1985,1985-12-31,850,210,2.21,804,,-229,464,464,1985-12-31,730,266,,3951,,2408,155
CNP,1984,1984-12-31,893,190,1.93,767,,-244,366,366,1984-12-31,607,241,,4111,,2522,85
CNP,1983,1983-12-31,788,171,1.77,730,,-233,304,304,1983-12-31,533,229,,3921,,2475,36
CTL,2019,2019-12-31,10077,1071.441,-0.82879,-2726,12324,-2021,-5269,-5269,2019-12-31,-4766,503,,22401,3715,15050,-19
CTL,2018,2018-12-31,10862,1065.866,0.36248,570,12581,-2177,-1733,-1641,2018-12-31,-1563,78,,23443,4165,12011,44
CTL,2017,2017-12-31,8203,628.693,0.22899,2009,9453,-1481,1389,289,2017-12-31,540,251,,17656,3508,7444,12
CTL,2016,2016-12-31,7774,540.679,1.31331,2333,9696,-1318,626,626,2016-12-31,1020,394,,17470,3447,7363,5
CTL,2015,2015-12-31,7764,555.093,1.62018,2605,10136,-1312,878,878,2015-12-31,1316,438,,17900,3310,7531,23
CTL,2014,2014-12-31,7831,569.739,1.41726,2410,10200,-1311,772,772,2014-12-31,1110,338,,18031,3311,7790,11
CTL,2013,2013-12-31,7492,601,0.83,1463,10603,-1298,-239,-239,2013-12-31,224,463,,18095,3464,9140,59
CTL,2012,2012-12-31,7605,622,1.43,2534,10771,-1319,777,777,2012-12-31,1250,473,,18376,3115,8237,35
CTL,2011,2011-12-31,6325,534,1.4,2003,9026,-1072,573,573,2011-12-31,948,375,,15351,2580,7023,17
CTL,2010,2010-12-31,2410,301,3.31,2060,4631,-557,948,949,2010-12-31,1532,583,,7042,1138,2572,30
CTL,2009,2009-12-31,1752,199,3.62,1233,3222,-370,646,513,2009-12-31,815,302,,4974,1014,1989,-48
CTL,2008,2008-12-31,955,103,3.56,721,1644,-202,366,366,2008-12-31,560,194,,2600,399,923,41
CTL,2007,2007-12-31,937,113,3.72,793,1719,-213,418,418,2007-12-31,619,201,,2656,390,926,39
CTL,2006,2006-12-31,888,122,3.07,666,1559,-196,370,370,2006-12-31,591,221,,2448,370,894,122
CTL,2005,2005-12-31,822,136,2.49,736,1657,-202,334,334,2005-12-31,538,203,,2479,389,921,3
CTL,2004,2004-12-31,755,142,2.41,754,1652,-211,337,337,2004-12-31,547,210,,2407,397,898,4
CTL,2003,2003-12-31,900,145,2.38,750,1481,-227,345,345,2003-12-31,532,187,,2381,260,730,8
CTL,2002,2002-12-31,974,143,1.37,579,998,-222,802,190,2002-12-31,293,104,,1972,,419,-64
CTL,2001,2001-12-31,1086,142,2.07,558,1031,-237,343,343,2001-12-31,553,210,,2117,,474,33
CTL,2000,2000-12-31,932,142,1.97,525,913,-194,231,231,2000-12-31,386,155,,1846,,389,34
CTL,1999,1999-12-31,820,141,1.82,508,857,-178,240,240,1999-12-31,429,190,,1677,,349,37
CTL,1998,1998-12-31,769,140,1.77,480,808,-180,229,229,1998-12-31,387,159,,1577,,328,38
CTL,1997,1997-12-31,474,137,1.21,268,427,-62,256,256,1997-12-31,408,152,,902,,160,33
CTL,1996,1996-12-31,394,136,1.04,223,355,-51,129,129,1996-12-31,204,75,,750,,132,31
CTL,1995,1995-12-31,328,132,0.93,203,317,-52,115,115,1995-12-31,183,68,,645,,114,25
CTL,1994,1994-12-31,296,131,0.8,173,269,-43,100,100,1994-12-31,162,61,,565,,96,31
CTL,1993,1993-12-31,250,126,0.59,128,206,-30,69,69,1993-12-31,106,37,,456,,78,8
CTL,1992,1992-12-31,184,109,0.55,110,173,-27,44,60,1992-12-31,93,33,,357,,63,10
CTL,1991,1991-12-31,154,107,0.35,75,127,-23,37,37,1991-12-31,57,20,,281,,52,5
CTL,1990,1990-12-31,142,104,0.3,61,108,-24,31,31,1990-12-31,48,17,,250,,47,12
CTL,1989,1989-12-31,127,98,0.23,47,88,-22,22,22,1989-12-31,33,11,,215,,41,8
CTL,1988,1988-12-31,103,90,0.26,44,81,-20,23,23,1988-12-31,34,11,,184,,37,10
CTL,1987,1987-12-31,85,90,0.26,45,73,-22,23,23,1987-12-31,38,15,,158,,28,16
CTL,1986,1986-12-31,73,87,0.19,48,73,-23,17,17,1986-12-31,30,13,,146,,25,5
CTL,1985,1985-12-31,66,83,0.18,46,69,,16,16,1985-12-31,30,15,,135,,23,-16
CTL,1984,1984-12-31,56,81,0.15,36,55,,14,14,1984-12-31,26,12,,111,,19,-11
CTL,1983,1983-12-31,49,77,0.12,33,51,,11,11,1983-12-31,21,10,,99,,17,-12
CERN,2019,2019-12-28,1071.041,321.235,1.72373,600.669,4621.557,53.379,529.454,529.454,2019-12-28,654.512,125.058,509.722,5692.598,3195.936,4020.888,0.464
CERN,2018,2018-12-29,937.348,333.572,1.88882,774.785,4428.977,26.224,630.059,630.059,2018-12-29,800.851,170.792,473.435,5366.325,2883.165,3654.192,-0.158
CERN,2017,2017-12-30,854.091,337.999,2.13342,960.471,4288.181,10.921,866.978,721.093,2017-12-30,967.129,246.036,431.796,5142.272,2632.088,3327.7100000000005,-4.263
CERN,2016,2016-12-31,779.116,343.653,1.85211,911.013,4017.357,10.773,636.484,636.484,2016-12-31,918.434,281.95,411.186,4796.473,2464.38,3106.344,-3.352
CERN,2015,2016-01-02,750.781,350.908,1.53705,781.137,3674.486,0.17,539.363,539.363,2016-01-02,781.381,242.018,420.604,4425.267,2262.024,2893.349,0.074
CERN,2014,2015-01-03,604.4,350.4,1.5,763.1,2798.3,12.3,525.4,525.4,2015-01-03,774.2,248.7,289.4,3402.7,1642.4,2035.1999999999998,-1.3
CERN,2013,2013-12-28,514.7,352.3,1.13,576,2396,11.1,398.4,398.4,2013-12-28,588.1,189.7,244.1,2910.7,1481.2,1819.9999999999998,1
CERN,2012,2012-12-29,608.2,351.4,1.13,571.7,2057.2,16,397.2,397.2,2012-12-29,587.7,190.5,219.6,2665.4,1184.2,1485.6000000000001,
CERN,2011,2011-12-31,441.7,347.7,0.88,459.8,1761.5,9.9,306.6,306.6,2011-12-31,469.7,163.1,207.7,2203.2,1014.9,1301.7,0
CERN,2010,2011-01-01,320.4,341.7,0.69,359.3,1529.9,3.4,237.3,237.3,2011-01-01,362.2,124.9,203.9,1850.2,897.7,1170.5,-0.6
CERN,2009,2010-01-02,281.2,335.5,0.58,292,1390.7,0.3,193.5,193.5,2010-01-02,292.7,99.2,207.4,1671.9,827.6,1098.7,0.4
CERN,2008,2009-01-03,296.1,333.7,0.57,278.9,1380,3.1,188.7,188.7,2009-01-03,281.4,92.8,221.4,1676,828.6,1101,-0.5
CERN,2007,2007-12-29,280.1,332.9,0.38,204.1,1239.8,1.3,127.1,127.1,2007-12-29,204,76.8,217.1,1519.9,765.1,1035.6999999999998,-1.4
CERN,2006,2006-12-30,291,326.9,0.34,166.2,1087.1,-0.7,109.9,109.9,2006-12-30,167.5,57.7,201.2,1378,673.9,920.9000000000001,2.1
CERN,2005,2005-12-31,254.7,312.4,0.3,140.4,906.1,-5.9,86.3,86.3,2005-12-31,135.2,49,211.5,1160.8,547.8,765.5999999999999,0.7
CERN,2004,2005-01-01,196.3,300.6,0.22,111.5,730,-3.1,64.6,64.6,2005-01-01,107.9,43.3,171.6,926.4,447,618.5999999999999,-0.4
CERN,2003,2004-01-03,194.3,290.8,0.15,78.1,645.3,-7,42.8,42.8,2004-01-03,71.2,28.4,156.2,839.6,411,567.2,0.1
CERN,2002,2002-12-28,162.1,296.4,0.18,80.9,589.7,-0.4,48,48.8,2002-12-28,80.6,31.8,129.6,751.9,369.3,508.79999999999995,0.1
CERN,2001,2001-12-29,115.6,279.3,0.13,-58.5,398.1,-4.8,-42.4,-42.4,2001-12-29,-63.3,-20.9,100.2,513.7,265.3,485.5,
CERN,2000,2000-12-30,90.1,284.8,0.4,25.6,287.9,146.5,105.3,105.3,2000-12-30,172.1,66.9,78.4,378,198.8,288.79999999999995,
CERN,1999,2000-01-01,95,269,0,2.3,223.7,-3.4,-1.2,-1.2,2000-01-01,-1.1,0.1,72.7,318.7,168.8,242.89999999999998,
CERN,1998,1999-01-02,89.5,269.3,0.1,33.5,232.7,-0.3,20.6,20.6,1999-01-02,33.3,12.7,59.8,322.2,143,207.89999999999998,
CERN,1997,1998-01-03,71.9,269.3,0.06,22.2,167.7,2.3,15.1,15.1,1998-01-03,24.5,9.3,44.1,239.6,106.9,151,
CERN,1996,1996-12-28,58.9,269,0.03,10.6,121.4,2.3,8.3,8.3,1996-12-28,12.9,4.7,35.9,180.3,83.7,119.6,
CERN,1995,1995-12-31,52.3,251.6,0.09,37.3,127,0,22.5,22.5,1995-12-31,37.2,14.7,30.2,179.3,67.2,97.3,
CERN,1994,1994-12-31,46.4,238.1,0.08,33.8,103.2,-1.3,19.5,19.5,1994-12-31,32.5,13,22.7,149.6,53,75.69999999999999,
CERN,1993,1993-12-31,43.9,233.3,0.06,24.3,73.3,-0.2,14.6,14.6,1993-12-31,24.1,9.6,16,117.2,36.3,52.300000000000004,
CERN,1992,1992-12-31,44.8,229.4,0.04,16.6,53.4,-0.3,9.9,9.9,1992-12-31,16.3,6.4,13,98.3,26.8,39.8,
CERN,1991,1991-12-31,39.4,221.1,0.02,8.1,35.6,-0.5,4.7,4.7,1991-12-31,7.6,2.9,7.3,75,22.5,29.800000000000004,
CERN,1990,1990-12-31,25.5,221.1,0.01,2.6,24,-0.1,1.6,1.6,1990-12-31,2.5,0.9,4.8,49.5,18.4,23.200000000000003,
CERN,1989,1989-12-31,32.3,239.7,0.01,5.7,22.4,-0.1,3.6,3.6,1989-12-31,5.6,2,3.1,54.7,15.6,18.700000000000003,
CERN,1988,1988-12-31,21.7,242.2,0.01,5.4,18.6,-0.3,3.4,3.4,1988-12-31,5.2,1.7,2.5,40.3,11.3,13.8,
CERN,1987,1987-12-31,16.3,238.7,0.02,6.5,16.6,0.3,4,4,1987-12-31,6.9,2.8,1.4,33,9.3,10.8,
CERN,1986,1986-12-31,8.2,184.4,0.01,2.6,9.1,-0.2,2.3,1.5,1986-12-31,2.4,1,1,17.3,5.5,6.600000000000001,
CERN,1985,1985-12-31,6.2,173.6,0,0.8,4,-0.1,0.7,0.6,1985-12-31,0.7,0.2,0.4,10.1,3,3.3,
CERN,1984,1984-12-31,0.9,135.8,-0.01,-1.5,0.8,-0.1,-1.6,-1.6,1984-12-31,-1.6,0,0.6,1.7,2,2.5,
CF,2019,2019-12-31,3416,221.6,2.01327,982,1174,-217,493,646,2019-12-31,772,126,,4590,239,192,7
CF,2018,2018-12-31,3512,233.8,1.29492,766,917,-228,290,444,2018-12-31,547,103,,4429,214,151,9
CF,2017,2017-12-31,3696,233.9,-0.413,181,434,-303,358,-41,2017-12-31,-125,-84,,4130,191,253,-3
CF,2016,2016-12-31,2842,233.1,0.00794,-29,843,-195,-277,-158,2016-12-31,-226,-68,,3685,173,872,-2
CF,2015,2015-12-31,2761.2,236.1,3.30791,1193.1,1547.1,-109.2,699.9,661.8,2015-12-31,1057.6,395.8,,4308.3,169.8,354,-26.3
CF,2014,2014-12-31,2964.7,256.5,3.62,2366.5,1778.5,-218.1,1390.3,1414.3,2014-12-31,2187.3,773,0,4743.2,151.9,-588,38.9
CF,2013,2013-12-31,2954.5,296,4.95,2411.7,2520.2,-149.3,1464.6,1523.2,2013-12-31,2209.7,686.5,0,5474.7,166,108.5,-52.7
CF,2012,2012-12-31,2990.7,323.5,5.75,2959.4,3113.3,-131,1848.7,1865.3,2012-12-31,2829.5,964.2,21.9,6104,151.8,153.9000000000001,1.1
CF,2011,2011-12-31,3202.3,350,4.44,2790.5,2895.6,-144.9,1539.2,1719.1,2011-12-31,2645.6,926.5,,6097.9,130,105.09999999999991,4.1
CF,2010,2010-12-31,2785.5,327,1.45,878.7,1179.5,-191,349.2,414,2010-12-31,687.7,273.7,,3965,106.1,300.8000000000002,
CF,2009,2009-12-31,1769,246,1.73,679.8,839.4,15.8,365.6,449.6,2009-12-31,695.6,246,,2608.4,62.9,159.5999999999999,3.1
CF,2008,2008-12-31,2698.4,282,2.44,1150.2,1222.7,-91.7,684.6,680.4,2008-12-31,1058.5,378.1,,3921.1,68,72.5,0.8
CF,2007,2007-12-31,2086.7,284,1.32,601.6,670,-30.3,372.7,371.8,2007-12-31,571.3,199.5,,2756.7,65.2,68.40000000000009,1.5
CF,2006,2006-12-31,1802.3,275.5,0.17,71.3,147.2,-18.3,33.3,33.3,2006-12-31,53,19.7,,1949.5,54.5,75.90000000000009,0
CF,2005,2005-12-31,1699.2,275,-0.03,109.8,209.2,-17.3,-39,-36.2,2005-12-31,92.5,128.7,,1908.4,57,99.39999999999986,0
CF,2004,2004-12-31,1434.5,275,0.25,148.2,216.1,-39.2,67.7,67.6,2004-12-31,109,41.4,,1650.7,41.8,68,25
CF,2003,2003-12-31,1335.5,275,-0.07,-5.6,34.4,-27,-18.4,-20,2003-12-31,-32.6,-12.6,,1369.9,38.5,40,1.6
CF,2002,2002-12-31,986.3,275,-0.1,-18.8,27.8,-27.6,-28.1,-29.8,2002-12-31,-46.4,-16.6,,1014.1,37.3,46.600000000000136,9.3
SCHW,2019,2019-12-31,1064,1320,2.67121,4848,10721,,3704,3704,2019-12-31,4848,1144,,11785,5141,5873,
SCHW,2018,2018-12-31,857,1361,2.446,4562,10132,,3507,3507,2018-12-31,4562,1055,,10989,4762,5570,
SCHW,2017,2017-12-31,342,1353,1.64523,3650,8618,,2354,2400,2017-12-31,3650,1250,,8960,4252,4968,
SCHW,2016,2016-12-31,171,1334,1.30885,2993,7473,,1889,1889,2016-12-31,2993,1104,,7644,3872,4480,
SCHW,2015,2015-12-31,132,1327,1.02788,2279,6369,,1447,1447,2015-12-31,2279,832,,6501,3535,4090,
SCHW,2014,2014-12-31,102,1315,0.96,2115,6055,,1321,1321,2014-12-31,2115,794,,6157,3433,3940,-4
SCHW,2013,2013-12-31,,1293,0.79,1810,,-105,1071,1071,2013-12-31,1705,634,,5549,3228,3739,-1
SCHW,2012,2012-12-31,150,1275,0.7,1450,4931,,928,928,2012-12-31,1450,522,,5081,2963,3481,33
SCHW,2011,2011-12-31,175,1229,0.72,1392,4740,,864,864,2011-12-31,1392,528,,4915,2868,3348,13
SCHW,2010,2010-12-31,199,1194,0.56,779,4311,,454,454,2010-12-31,779,325,,4510,2589,3532,-5
SCHW,2009,2009-12-31,183,1160,0.83,1276,4291,,787,787,2009-12-31,1276,489,,4474,2534,3015,-218
SCHW,2008,2008-12-31,226,1157,1.09,2028,5211,,1212,1230,2008-12-31,2028,798,,5437,2754,3183,0
SCHW,2007,2007-12-31,623,1222,0.92,1853,4994,,2407,1120,2007-12-31,1853,733,,5617,2817,3141,0
SCHW,2006,2006-12-31,679,1286,0.69,1476,4309,,1227,891,2006-12-31,1476,585,,4988,2533,2833,
SCHW,2005,2005-12-31,501,1308,0.49,1027,3619,,725,634,2005-12-31,1027,393,,4120,2272,2592,
SCHW,2004,2004-12-31,172,1365,0.34,547,3416,,286,350,2004-12-31,547,197,,3588,2361,2869,
SCHW,2003,2003-12-31,280,1364,0.39,717,3856,,472,476,2003-12-31,717,241,,4136,2637,3139,
SCHW,2002,2002-12-31,377,1375,0.27,249,3898,,109,149,2002-12-31,249,100,,4275,2821,3649,
SCHW,2001,2001-12-31,999,1399,0.29,177,4203,,199,106,2001-12-31,177,71,,5202,3125,4026,
SCHW,2000,2000-12-31,1529,1404,0.58,1231,5611,,718,718,2000-12-31,1231,513,,7140,3769,4380,
SCHW,1999,1999-12-31,998,1373,0.49,1099,4386,,666,666,1999-12-31,1099,432,,5385,2906,3288,
SCHW,1998,1998-12-31,861,1343,0.31,678,3091,,410,410,1998-12-31,678,268,,3952,2101,2413,
SCHW,1997,1997-12-31,638,1227,0.22,447,2207,,270,270,1997-12-31,447,177,,2845,1498,1760,
SCHW,1996,1996-12-31,507,1211,0.19,394,1770,,234,234,1996-12-31,394,160,,2277,1198,1376,
SCHW,1995,1995-12-31,434,1205,0.14,277,1343,,173,173,1995-12-31,277,105,,1777,928,1066,
SCHW,1994,1994-12-31,49,1184,0.11,224,1015,,135,135,1994-12-31,224,89,,1065,690,791,
SCHW,1993,1993-12-31,43,1206,0.1,206,922,,118,124,1993-12-31,206,82,,965,671,716,
SCHW,1992,1992-12-31,32,1186,0.07,146,717,,81,81,1992-12-31,146,65,,750,531,571,
SCHW,1991,1991-12-31,21,1187,0.04,88,549,,49,49,1991-12-31,88,39,,570,409,461,
SCHW,1990,1990-12-31,12,1226,0.01,29,375,,17,17,1990-12-31,29,12,,387,297,346,
SCHW,1989,1989-12-31,12,1263,0.01,33,334,,19,19,1989-12-31,33,14,,346,249,301,
SCHW,1988,1988-12-31,10,1259,0.01,13,256,,7,7,1988-12-31,13,6,,267,199,243,
SCHW,1987,1987-12-31,17,1025,0.03,48,354,,26,26,1987-12-31,48,23,,371,267,305,
SCHW,1986,1986-12-31,13,1025,0.03,66,244,,32,32,1986-12-31,66,34,,257,168,177,
SCHW,1985,1985-12-31,8,1025,0.01,20,152,,11,11,1985-12-31,20,9,,160,124,131,
SCHW,1984,1984-12-31,0,1025,0,2,112,,1,1,1984-12-31,2,1,,112,104,110,
CHTR,2019,2019-12-31,22179,223.78638,7.92222,6486,23585,-3988,1668,1992,2019-12-31,2431,439,,45764,3359,17099,-67
CHTR,2018,2018-12-31,21007,235.52523,6.11362,5221,22627,-3727,1230,1506,2018-12-31,1686,180,,43634,3327,17406,192
CHTR,2017,2017-12-31,20564,296.70396,3.77488,4066,21017,-3021,9895,815,2017-12-31,1028,213,,41581,2681,16951,-17
CHTR,2016,2016-12-31,14311,234.79144,18.98025,2345,14692,-2410,3522,3745,2016-12-31,820,-2925,,29003,1951,12347,885
CHTR,2015,2015-12-31,4890,101.15265,-1.28469,986,4864,-1310,-271,-271,2015-12-31,-331,-60,,9754,697,3878,-7
CHTR,2014,2014-12-31,4562,98,-1.46,971,4546,-918,-183,-183,2014-12-31,53,236,,9108,584,3575,
CHTR,2013,2013-12-31,4106,92,-0.63,786,4049,-835,-169,-169,2013-12-31,-49,120,,8155,536,3263,
CHTR,2012,2012-12-31,4860,90,-2.87,861,2644,-907,-304,-304,2012-12-31,-47,257,,7504,,1783,-1
CHTR,2011,2011-12-31,4564,99,-2.76,898,2640,-963,-369,-369,2011-12-31,-70,299,,7204,,1742,-5
CHTR,2010,2010-12-31,4486,102,-1.62,939,2573,-877,-237,-237,2010-12-31,58,295,,7059,,1634,-4
CHTR,2009,2009-12-31,2909,103,49.03,10851,3846,-1094,11366,10101,2009-12-31,9758,-343,,6755,1380,-7005,1
CHTR,2008,2008-12-31,2807,338,-4.21,-610,3672,-1935,-2451,-2447,2008-12-31,-2550,-103,,6479,1386,4282,-5
CHTR,2007,2007-12-31,2620,333,-4.18,548,3382,-1809,-1534,-1527,2007-12-31,-1318,209,,6002,1289,2834,-57
CHTR,2006,2006-12-31,2438,300,-5.11,468,3066,-1869,-1370,-1586,2006-12-31,-1399,187,,5504,1165,2598,2
CHTR,2005,2005-12-31,2203,280,-4.63,825,2830,-1716,-967,-1003,2005-12-31,-891,112,,5033,1012,2005,0
CHTR,2004,2004-12-31,1994,272,-7.08,-1973,2766,-1578,-4341,-3441,2004-12-31,-3575,-134,,4760,965,4739,-24
CHTR,2003,2003-12-31,1952,266,-1.72,783,2867,-1118,-238,-238,2003-12-31,-348,-110,,4819,944,2084,-13
CHTR,2002,2002-12-31,1807,266,2.74,-4322,2759,1555,-2514,-2308,2002-12-31,-2768,-460,,4566,968,7081,-1
CHTR,2001,2001-12-31,1486,244,-4.7,-1211,2321,47,-1167,-1157,2001-12-31,-1169,-12,,3807,821,3532,-5
CHTR,2000,2000-12-31,1185,204,-4.2,-1088,1956,221,-858,-858,2000-12-31,-868,-10,,3141,646,3044,-1
CHTR,1999,1999-12-31,738,270,-0.25,-186,690,129,-66,-66,1999-12-31,-65,1,,1428,131,877,-8
CHTR,1998,1998-12-31,25,154,-0.15,-2,39,-19,-22,-22,1998-12-31,-22,0,,63,16,41,-1
CHTR,1997,1997-12-31,9,154,-0.03,0,10,-5,-5,-5,1997-12-31,-5,0,,19,3,9,0
CHTR,1996,1996-12-31,6,154,-0.02,2,9,-4,-3,-3,1996-12-31,-3,0,,15,3,7,0
