symbol,year,period,costOfGoodsSold,dilutedAverageSharesOutstanding,dilutedEPS,ebit,grossIncome,interestIncomeExpense,netIncome,netIncomeAfterTaxes,period,pretaxIncome,provisionforIncomeTaxes,researchDevelopment,revenue,sgaExpense,totalOperatingExpense,totalOtherIncomeExpenseNet
CVX,2019,2019-12-31,80096,1895,1.27311,3093,60060,2860,2924,2848,2019-12-31,5536,2688,770,140156,8279,56967,-417
CVX,2018,2018-12-31,94545,1914,7.73145,15451,64222,5684,14824,14834,2018-12-31,20575,5741,1210,158767,8705,48771,-560
CVX,2017,2017-12-31,75756,1898,3.7803,5206,59023,4015,9195,7249,2017-12-31,9221,1972,864,134779,16779,53817,
CVX,2016,2016-12-31,59290,1873,-0.26535,-4320,51194,2160,-497,-431,2016-12-31,-2160,-1729,1033,110484,16352,55514,
CVX,2015,2015-12-31,69781,1867,2.45688,-146,59867,4988,4587,4710,2015-12-31,4842,132,3340,129648,16473,60013,
CVX,2014,2014-12-31,127840,1898,10.14,23600,72101,7602,19241,19310,2014-12-31,31202,11892,1985,199941,8848,48501,20875
CVX,2013,2013-12-31,143111,1932,10.87,27726,77153,7469,21423,21597,2013-12-31,35905,14308,1861,220264,9081,49427,24299
CVX,2012,2012-12-31,148776,1965,13.39,39492,81863,6840,26179,26336,2012-12-31,46332,19996,1728,230639,9090,42371,18140
CVX,2011,2011-12-31,158008,2001,13.48,40271,86363,7363,26895,27008,2011-12-31,47634,20626,1216,244371,12288,46092,19677
CVX,2010,2010-12-31,125058,2007,9.52,26418,73140,5637,19024,19136,2010-12-31,32055,12919,1147,198198,14367,46722,18095
CVX,2009,2009-12-31,107762,2001,5.4,15212,59640,3316,10483,10563,2009-12-31,18528,7965,1342,167402,14009,44428,16939
CVX,2008,2008-12-31,181243,2050,11.68,37591,83715,5366,23931,23931,2008-12-31,42957,19026,1169,264958,17191,46124,18114
CVX,2007,2007-12-31,143430,2132,8.79,28023,70661,4144,18688,18688,2007-12-31,32167,13479,1323,214091,17986,42638,14263
CVX,2006,2006-12-31,137702,2197,7.8,27721,67190,4255,17138,17138,2006-12-31,31976,14838,1364,204892,16425,39469,13653
CVX,2005,2005-12-31,136687,2155,6.55,21466,56954,3731,14099,14099,2005-12-31,25197,11098,743,193641,16891,35488,11363
CVX,2004,2004-12-31,102387,2122,6.14,17969,48478,2582,13328,13034,2004-12-31,20551,7517,697,150865,16407,30509,7979
CVX,2003,2003-12-31,71583,2128,3.57,11741,48449,1029,7230,7426,2003-12-31,12770,5344,571,120032,22346,37073,8218
CVX,2002,2002-12-31,57249,2127,1.3,4045,41442,111,1132,1132,2002-12-31,4156,3024,591,98691,20844,37397,7601
CVX,2001,2001-12-31,60549,2126,2.2,7147,43860,1144,3288,3931,2001-12-31,8291,4360,1039,104409,19140,36713,6958
CVX,2000,2000-12-31,27292,1302,3.98,8520,23300,750,5185,5185,2000-12-31,9270,4085,564,50592,6518,14780,4390
CVX,1999,1999-12-31,17982,1319,1.57,3122,17466,526,2070,2070,1999-12-31,3648,1578,538,35448,5990,14344,4478
CVX,1998,1998-12-31,14036,1314,1.02,1606,15907,228,1339,1339,1998-12-31,1834,495,478,29943,6650,14301,4448
CVX,1997,1997-12-31,20223,1317,2.47,4814,20360,688,3256,3256,1997-12-31,5502,2246,493,40583,7840,15546,4601
CVX,1996,1996-12-31,22826,1311,1.99,3973,19956,767,2607,2607,1996-12-31,4740,2133,455,42782,7285,15983,5663
CVX,1995,1995-12-31,18033,1304,0.71,1236,18277,553,930,930,1995-12-31,1789,859,372,36310,7132,17041,5755
CVX,1994,1994-12-31,16990,1303,1.33,2363,18140,440,1693,1693,1994-12-31,2803,1110,379,35130,6522,15777,6030
CVX,1993,1993-12-31,18007,1302,1.31,1986,18184,440,1265,1265,1993-12-31,2426,1161,360,36191,6416,16198,5816
CVX,1992,1992-12-31,23088,1356,1.63,3057,18340,406,1569,2210,1992-12-31,3463,1253,507,41428,6660,15283,5086
CVX,1991,1991-12-31,21695,1401,0.92,1761,18425,491,1293,1293,1991-12-31,2252,959,629,40120,6301,16664,6599
CVX,1990,1990-12-31,22536,1414,1.53,3842,19004,371,2157,2157,1990-12-31,4213,2056,642,41540,5468,15162,5735
CVX,1989,1989-12-31,15631,1368,0.18,956,16285,350,251,251,1989-12-31,1306,1055,578,31916,5248,15329,6293
CVX,1988,1988-12-31,12010,1363,1.3,2477,15712,422,1768,1768,1988-12-31,2899,1131,651,27722,5013,13235,4507
CVX,1987,1987-12-31,13627,1368,0.74,2519,14479,357,1007,1007,1987-12-31,2876,1869,466,28106,4170,11960,4111
CVX,1986,1986-12-31,11477,1368,0.52,1349,14768,391,715,715,1986-12-31,1740,1025,920,26245,4116,13419,4777
CVX,1985,1985-12-31,23275,1368,1.13,4500,20570,308,1547,1547,1985-12-31,4808,3261,,43845,6089,16070,5807
CVX,1984,1984-12-31,16808,1368,1.12,1535,11022,1019,1534,1534,1984-12-31,2554,1020,,27830,3467,9487,3671
CVX,1983,1983-12-31,16974,1368,1.16,2473,11437,459,1590,1590,1983-12-31,2932,1342,,28411,3948,8964,3647
CMG,2019,2019-12-31,3936.002,28.295,13.33526,443.958,1650.367,14.327,350.158,350.158,2019-12-31,458.285,108.127,,5586.369,958.08,1206.409,
CMG,2018,2018-12-31,3495.175,27.962,8.2068,258.368,1369.81,10.068,176.553,170.107,2018-12-31,268.436,98.329,,4864.985,815.772,1111.442,
CMG,2017,2017-12-31,3286.719,28.561,6.46955,270.794,1189.693,4.949,176.253,176.24695,2017-12-31,275.743,99.49605,,4476.412,743.726,918.8990000000003,
CMG,2016,2016-12-31,3112.534,29.77,1.24541,34.567,791.85,4.172,22.938,22.938,2016-12-31,38.739,15.801,,3904.384,587.624,757.2829999999999,
CMG,2015,2015-12-31,3064.524,31.494,15.36016,763.589,1436.699,6.278,475.602,475.602,2015-12-31,769.867,294.265,,4501.223,530.119,673.1100000000001,
CMG,2014,2014-12-31,2759.6,31.5,14.27,710.8,1348.6,3.5,445.4,445.4,2014-12-31,714.3,268.9,,4108.3,520.4,637.9000000000001,
CMG,2013,2013-12-31,2116.3,31.3,10.6,532.7,1098.3,1.8,327.4,327.4,2013-12-31,534.5,207,,3214.6,462.7,565.5999999999999,
CMG,2012,2012-12-31,1819.4,31.8,8.84,455.9,911.8,1.8,278,278,2012-12-31,457.7,179.7,,2731.2,366.8,456,
CMG,2011,2011-12-31,1533,31.8,6.88,350.6,736.5,-0.9,214.9,214.9,2011-12-31,349.7,134.8,,2269.5,305.2,386,
CMG,2010,2010-12-31,1217.6,31.7,5.76,287.8,618.3,1.2,179,179,2010-12-31,289.1,110.1,,1835.9,255.3,330.5,
CMG,2009,2009-12-31,1025.7,32.1,4.07,203.7,492.7,0.5,126.8,126.8,2009-12-31,204.2,77.4,,1518.4,221.8,289,
CMG,2008,2008-12-31,947,33.1,2.53,124,385,3.2,78.2,78.2,2008-12-31,127.2,49,,1332,198.9,260.9000000000001,
CMG,2007,2007-12-31,767.3,33.1,2.24,108.2,317.7,5.8,70.6,70.6,2007-12-31,114,43.4,,1085,160.5,210.30000000000007,
CMG,2006,2006-12-31,591.9,32.5,1.35,62,227.9,6.3,41.4,41.4,2006-12-31,68.3,26.8,,819.8,130.9,169.10000000000002,
CMG,2005,2005-12-31,464,26.4,1.51,31,161.1,-0.8,37.7,37.7,2005-12-31,30.2,-7.5,,625.1,101.6,132.70000000000005,
CMG,2004,2004-12-31,357.9,25.5,0.31,6.1,110.7,0,6.1,6.1,2004-12-31,6.1,0,,468.6,83.2,106.70000000000005,
CMG,2003,2003-12-31,242.5,22.4,-0.14,-7.9,71.6,0.2,-7.7,-7.7,2003-12-31,-7.7,0,,314,61.4,81,
CMG,2002,2002-12-31,164,25.5,-0.62,-17.6,39.9,0.3,-17.3,-17.3,2002-12-31,-17.3,0,,203.9,45.5,58.30000000000001,
CMG,2001,2001-12-31,112.8,25.5,-0.94,-24.7,18.5,0.7,-24,-24,2001-12-31,-24,0,,131.3,34.7,43.500000000000014,
CMG,2000,2000-12-31,58.9,25.5,-0.77,-20.6,8.9,1,-19.5,-19.5,2000-12-31,-19.5,0,,67.8,24.4,29.4,
CB,2019,2019-12-31,,458.91466,9.77392,5182,,65,4454,4454,2019-12-31,5249,795,,,3053,29062,-42
CB,2018,2018-12-31,,466.80235,8.69839,4852,,-127,3962,3937,2018-12-31,4657,720,,,2898,27914,-30
CB,2017,2017-12-31,,471.1969,7.7408,3844,,-189,3861,3411,2017-12-31,3722,311,,,2868,28444,-30
CB,2016,2016-12-31,,465.9494,9.92135,5312,,-341,4135,4135,2016-12-31,4950,815,,,3100,26260,-32
CB,2015,2015-12-31,,328.83538,9.04712,3517,,-187,2834,2834,2015-12-31,3296,462,,,2289,15582,-15
CB,2014,2014-12-31,,339,8.58,3542,,-49,2853,2853,2014-12-31,3487,634,,,2265,15697,-8
CB,2013,2013-12-31,,344,10.94,4378,,-156,3758,3758,2013-12-31,4238,480,,,2235,14905,
CB,2012,2012-12-31,,343,7.92,3158,,-170,2706,2706,2012-12-31,2976,270,,,2096,14816,-41
CB,2011,2011-12-31,,341,4.88,2385,,-212,1585,1585,2011-12-31,2091,506,,,2052,14514,-46
CB,2010,2010-12-31,,341,9.43,3866,,-157,3108,3108,2010-12-31,3667,559,,,1858,12268,-42
CB,2009,2009-12-31,,338,9.27,3376,,-267,2549,2549,2009-12-31,3077,528,,,1811,12398,-32
CB,2008,2008-12-31,,335,5.93,1758,,-189,1197,1197,2008-12-31,1567,370,,,1737,12938,-2
CB,2007,2007-12-31,,332,7.98,3409,,-221,2578,2578,2007-12-31,3153,575,,,1455,10886,-35
CB,2006,2006-12-31,,327,6.89,2964,,-124,2305,2301,2006-12-31,2823,522,,,1456,10364,-17
CB,2005,2005-12-31,,297,3.31,1443,,-130,1028,1028,2005-12-31,1301,273,,,1261,11645,-12
CB,2004,2004-12-31,,285,3.92,1612,,-164,1153,1153,2004-12-31,1439,286,,,1265,10708,-9
CB,2003,2003-12-31,,276,5.01,1901,,-177,1417,1417,2003-12-31,1696,278,,,1161,8816,-27
CB,2002,2002-12-31,,270,0.19,175,,-193,77,77,2002-12-31,-39,-116,,,943,6969,-21
CB,2001,2001-12-31,,234,-0.3,-3,,-199,-146,-124,2001-12-31,-202,-79,,,830,6648,
CB,2000,2000-12-31,,227,2.65,858,,-221,543,543,2000-12-31,637,94,,,743,4408,
CB,1999,1999-12-31,,198,2.08,499,,-105,365,365,1999-12-31,394,29,,,495,2518,
CB,1998,1998-12-31,,197,1.23,249,,-5,239,239,1998-12-31,244,5,,,41,185,
CB,1997,1998-09-30,,189,3.03,606,,-25,560,560,1998-09-30,580,20,,,166,801,
CB,1996,1997-09-30,,172,2.7,461,,,461,461,1997-09-30,461,0,,,66,549,
CB,1995,1996-09-30,,149,1.95,290,,,290,290,1996-09-30,290,0,,,41,559,
CB,1994,1995-09-30,,141,1.68,238,,,238,238,1995-09-30,238,0,,,26,423,
CB,1993,1994-09-30,,145,-0.32,-46,,,-46,-46,1994-09-30,-46,0,,,17,583,
CB,1992,1993-09-30,,149,1.5,224,,,224,224,1993-09-30,224,0,,,13,314,
CB,1991,1992-09-30,,149,0.07,10,,,10,10,1992-09-30,10,0,,,11,509,
CB,1990,1991-09-30,,108,0.6,65,,,65,65,1991-09-30,65,0,,,8,348,
CB,1989,1990-09-30,,106,0.6,62,,,62,62,1990-09-30,62,0,,,8,218,
CHD,2019,2019-12-31,2373.7,252.1,2.46708,840.2,1984,-65.4,615.9,615.9,2019-12-31,773.7,157.8,93.6,4357.7,1042.6,1143.8000000000002,-1.1
CHD,2018,2018-12-31,2305.1,250.7,2.26805,791.7,1840.8,-68.3,568.6,568.6,2018-12-31,719.5,150.9,89.7,4145.9,959.4,1049.1,-3.9
CHD,2017,2017-12-31,2046.6,256.1,1.83717,732.7,1729.6,-39.7,743.4,470.5,2017-12-31,692.7,222.2,,3776.2,996.9,996.9000000000001,-0.3
CHD,2016,2016-12-31,1902.5,262.1,1.75124,724.2,1590.6,-16.8,459,459,2016-12-31,705.9,246.9,,3493.1,866.4,866.4000000000001,-1.5
CHD,2015,2015-12-31,1883,267.2,1.53593,674.2,1511.8,-31.4,410.4,410.4,2015-12-31,635.4,225,,3394.8,835.5,837.5999999999999,-7.4
CHD,2014,2014-12-31,1844.7,275,1.51,641.2,1452.9,-13.5,413.9,413.9,2014-12-31,624.9,211,,3297.6,807,811.7,-2.8
CHD,2013,2013-12-31,1756.3,282.4,1.4,622.2,1438,-22.3,394.4,394.4,2013-12-31,597.8,203.4,,3194.3,815.8,815.8,-2.1
CHD,2012,2012-12-31,1630.5,285.4,1.23,545.1,1291.4,-3.4,349.8,349.8,2012-12-31,542.5,192.7,,2921.9,746.3,746.3000000000002,0.8
CHD,2011,2011-12-31,1534.8,291.6,1.06,492.6,1214.5,3.2,309.6,309.6,2011-12-31,494.6,185,,2749.3,721.9,721.8999999999999,-1.2
CHD,2010,2010-12-31,1431.5,288.8,0.95,445,1157.8,-22.1,270.7,270.7,2010-12-31,418.3,147.6,,2589.2,712.8,712.8000000000002,-4.6
CHD,2009,2009-12-31,1419.9,285.9,0.81,412.9,1101,-22.2,243.5,243.5,2009-12-31,392.2,148.7,,2520.9,708.1,688.0999999999999,1.5
CHD,2008,2008-12-31,1450.7,284.5,0.73,340.3,971.7,-28.9,195.2,195.2,2008-12-31,308.3,113.1,,2422.4,625.7,631.3999999999999,-3.2
CHD,2007,2007-12-31,1353,281.2,0.62,305,867.9,-42.6,169,169,2007-12-31,264.9,95.9,,2220.9,558.7,562.9000000000001,2.5
CHD,2006,2006-12-31,1184.5,275.8,0.55,252.1,761.1,-41.6,138.9,138.9,2006-12-31,213.1,74.2,,1945.7,494.7,509.0999999999999,2.6
CHD,2005,2005-12-31,1099.5,277.2,0.46,211.5,637,-35.3,122.9,122.8,2005-12-31,174.9,52.1,,1736.5,424.2,425.5,-1.3
CHD,2004,2004-12-31,928.7,272.3,0.4,148.9,533.4,-23.1,88.8,88.8,2004-12-31,127.4,38.6,,1462.1,361.6,384.5,1.6
CHD,2003,2003-12-31,738.9,258,0.33,107.7,318,9.6,81,81,2003-12-31,117,36,,1056.9,206.1,210.30000000000007,-0.3
CHD,2002,2002-12-31,735.9,250.9,0.27,104.5,311.2,-0.7,66.7,66.8,2002-12-31,101.2,34.4,,1047.1,206.7,206.70000000000005,-2.6
CHD,2001,2001-12-31,680.2,244.9,0.19,93.5,400.7,-15.5,47,50.9,2001-12-31,77.7,26.9,,1080.9,307.8,307.0999999999999,-0.3
CHD,2000,2000-12-31,450.3,239.6,0.2,52.2,345.4,0.2,33.6,33.8,2000-12-31,52.2,18.3,,795.7,271.3,293.3,-0.2
CHD,1999,1999-12-31,404.3,246.3,0.17,67.7,325.7,4.8,45.4,45.9,1999-12-31,72.7,26.8,,730,263.2,258.09999999999997,0.2
CHD,1998,1998-12-31,378.6,240.3,0.12,42.5,305.8,4,30.3,30.3,1998-12-31,46.2,15.9,,684.4,264,263.29999999999995,-0.3
CHD,1997,1997-12-31,330.7,239.7,0.1,30.6,244.2,6.8,24.5,24.5,1997-12-31,38.7,14.2,,574.9,213.7,213.7,1.3
CHD,1996,1996-12-31,306,236.4,0.09,27.3,221.7,6.3,21.2,21.2,1996-12-31,33.2,11.9,,527.8,194.5,194.5,-0.4
CHD,1995,1995-12-31,289.7,236.7,0.05,8.7,196,7.4,10.2,10.2,1995-12-31,16.3,6.1,,485.8,183.7,187.40000000000003,0.2
CHD,1994,1994-12-31,281.3,238.9,0.04,1.9,209.8,-0.9,6.1,6.1,1994-12-31,9.7,3.6,,491,201.4,207.89999999999998,8.7
CHD,1993,1993-12-31,272.8,246.9,0.13,39.7,234.8,-0.2,26.3,29.5,1993-12-31,47.8,18.3,,507.7,196.3,195.09999999999997,8.2
CHD,1992,1992-12-31,266.8,244.1,0.12,39,229.6,-0.4,29.5,29.5,1992-12-31,47.2,17.6,,496.5,191.9,190.7,8.6
CHD,1991,1991-12-31,272.5,250.4,0.1,35.3,194.3,-1.7,26.5,26.5,1991-12-31,42,15.5,,466.8,160.3,158.89999999999998,8.4
CHD,1990,1990-12-31,263.8,275,0.08,38.4,164.8,-3.6,22.5,23.2,1990-12-31,39,15.8,,428.5,130.9,126.39999999999998,4.2
CHD,1989,1989-12-31,261.8,278.8,0.06,17.9,125.9,-4.3,8.6,8.6,1989-12-31,17.1,8.4,,387.6,95.7,108,3.5
CHD,1988,1988-12-31,238.1,293.9,0.06,28.7,108.7,-4.5,16.5,16.5,1988-12-31,26.6,10.2,,346.8,80,80.00000000000003,2.4
CHD,1987,1987-12-31,216.7,263.7,0.05,24.7,102.1,-4.7,14,14,1987-12-31,24.8,10.8,,318.8,77.4,77.40000000000003,4.8
CHD,1986,1986-12-31,183.5,257,0.05,18.3,92,-3.6,12.8,12.8,1986-12-31,19.7,6.9,,275.4,73.7,73.60000000000002,5
CHD,1985,1985-12-31,151.3,247.6,0.06,7,80,-1.9,4.7,4.7,1985-12-31,7.1,2.4,,231.4,58.6,73.1,2.1
CHD,1984,1984-12-31,120.5,245.4,0.05,17.5,64,-2.1,11.2,11.2,1984-12-31,18.7,7.5,,184.6,46.5,46.5,3.3
CHD,1983,1983-12-31,99,243,0.04,15.9,53.1,-2.1,10.1,10.1,1983-12-31,16.3,6.2,,152.1,37.2,37.19999999999999,2.5
CI,2019,2019-12-31,,379.817,16.04983,8252,,-1682,5104,5120,2019-12-31,6570,1450,,,12760,145491,
CI,2018,2018-12-31,,250.225,15.47407,3852,,-271,2637,2642,2018-12-31,3581,939,,,10755,44594,
CI,2017,2017-12-31,,255.072,13.43542,3858,,-252,2237,2464,2017-12-31,3606,1142,,,9904,38185,
CI,2016,2016-12-31,,259.647,7.87437,2979,,,1867,1843,2016-12-31,2979,1136,,,,36724,
CI,2015,2015-12-31,,260.592,8.30386,3327,,,2094,2077,2015-12-31,3327,1250,,,,34661,
CI,2014,2014-12-31,,268.603,7.91062,3304,,0,2102,2094,2014-12-31,3304,1210,,,0,31646,
CI,2013,2013-12-31,,285,7.01,2176,,,1476,1478,2013-12-31,2176,698,,,,30215,
CI,2012,2012-12-31,,290,6.17,2477,,,1623,1624,2012-12-31,2477,853,,,,26653,
CI,2011,2011-12-31,,274,4.92,1968,,,1327,1328,2011-12-31,1968,640,,,,20056,
CI,2010,2010-12-31,,275,4.62,1870,,,1345,1349,2010-12-31,1870,521,,,,19384,
CI,2009,2009-12-31,,275,4.95,1898,,,1302,1304,2009-12-31,1898,594,,,,16563,
CI,2008,2008-12-31,,277,1.25,378,,,292,288,2008-12-31,378,90,,,,18723,
CI,2007,2007-12-31,,288,3.88,1631,,,1115,1120,2007-12-31,1631,511,,,,15992,
CI,2006,2006-12-31,,337,3.44,1731,,,1155,1159,2006-12-31,1731,572,,,,14816,
CI,2005,2005-12-31,,389,3.28,1793,,,1625,1276,2005-12-31,1793,517,,,,14891,
CI,2004,2004-12-31,,414,3.81,2375,,,1438,1577,2004-12-31,2375,798,,,,15801,
CI,2003,2003-12-31,,421,1.43,876,,,650,602,2003-12-31,876,274,,,,17932,
CI,2002,2002-12-31,,422,-1.85,-569,,,-398,-397,2002-12-31,-569,-172,,,,19917,
CI,2001,2001-12-31,,450,2.23,1497,,,989,989,2001-12-31,1497,508,,,,17618,
CI,2000,2000-12-31,,487,2.12,1497,,,987,987,2000-12-31,1497,510,,,,18497,
CI,1999,1999-12-31,,592,1.18,1219,,,1774,699,1999-12-31,1219,520,,,,17562,
CI,1998,1998-12-31,,640,2.02,2010,,,1292,1292,1998-12-31,2010,718,,,,19427,
CI,1997,1997-12-31,,668,1.65,1650,,,1086,1086,1997-12-31,1650,564,,,,18388,
CI,1996,1996-12-31,,683,1.55,1601,,,1056,1056,1996-12-31,1601,545,,,,17349,
CI,1995,1995-12-31,,660,0.32,251,,,211,211,1995-12-31,251,40,,,,18704,
CI,1994,1994-12-31,,684,0.83,805,,,554,554,1994-12-31,805,251,,,,17587,
CI,1993,1993-12-31,,648,0.36,165,,,234,234,1993-12-31,165,-69,,,,18237,
CI,1992,1992-12-31,,678,0.52,179,,,311,337,1992-12-31,179,-158,,,,18403,
CI,1991,1991-12-31,,644,0.7,584,,,449,453,1991-12-31,584,131,,,,18166,
CI,1990,1990-12-31,,681,0.47,352,,,330,318,1990-12-31,352,34,,,,17812,
CI,1989,1989-12-31,,706,0.63,592,,,561,458,1989-12-31,592,134,,,,15062,
CI,1988,1988-12-31,,707,0.55,516,,,472,418,1988-12-31,516,98,,,,17382,
CI,1987,1987-12-31,,722,0.85,796,,,727,649,1987-12-31,796,147,,,,16148,
CI,1986,1986-12-31,,710,0.97,859,,,818,692,1986-12-31,859,167,,,,16363,
CI,1985,1985-12-31,,650,-1.13,-733,,,-732,-732,1985-12-31,-733,-1,,,,17052,
CI,1984,1984-12-31,,655,0.11,21,,,102,102,1984-12-31,21,-81,,,,14818,
CI,1983,1983-12-31,,685,0.78,380,,,536,536,1983-12-31,380,-156,,,,12319,
CINF,2019,2019-12-31,,165.1,12.13974,2525,,-53,1997,1997,2019-12-31,2472,475,,,,5399,
CINF,2018,2018-12-31,,164.5,1.74468,304,,-53,287,287,2018-12-31,251,-36,,,,5103,
CINF,2017,2017-12-31,,166,3.31325,783,,-53,1045,550,2017-12-31,730,180,,,,4949,
CINF,2016,2016-12-31,,166.5,3.54955,865,,-53,591,591,2016-12-31,812,221,,,,4584,
CINF,2015,2015-12-31,,165.6,3.8285,934,,-53,634,634,2015-12-31,881,247,,,,4208,
CINF,2014,2014-12-31,,166.4,3.16,774,,-53,525,525,2014-12-31,721,196,,,,4171,
CINF,2013,2013-12-31,,166.7,3.1,768,,-54,517,517,2013-12-31,714,197,,,,3763,
CINF,2012,2012-12-31,,163.7,3.56,620,,-54,421,421,2012-12-31,566,145,,,,3491,
CINF,2011,2011-12-31,,163.3,2.52,230,,-54,166,166,2011-12-31,176,10,,,,3573,
CINF,2010,2010-12-31,,163.3,2.75,555,,-54,377,377,2010-12-31,501,124,,,,3217,
CINF,2009,2009-12-31,,162.9,3.14,637,,-55,432,432,2009-12-31,582,150,,,,3266,
CINF,2008,2008-12-31,,163.4,2.63,593,,-53,429,429,2008-12-31,540,111,,,,3231,
CINF,2007,2007-12-31,,172.2,4.97,1244,,-52,855,855,2007-12-31,1192,337,,,,3015,
CINF,2006,2006-12-31,,175.5,5.31,1383,,-53,931,931,2006-12-31,1330,399,,,,3168,
CINF,2005,2005-12-31,,177.1,3.4,874,,-51,602,602,2005-12-31,823,221,,,,2893,
CINF,2004,2004-12-31,,178.4,3.27,838,,-38,584,584,2004-12-31,800,216,,,,2776,
CINF,2003,2003-12-31,,178.3,2.1,514,,-34,374,374,2003-12-31,480,106,,,,2667,
CINF,2002,2002-12-31,,179.9,1.32,314,,-35,238,238,2002-12-31,279,41,,,,2529,
CINF,2001,2001-12-31,,179,1.08,260,,-39,193,193,2001-12-31,221,28,,,,2301,
CINF,2000,2000-12-31,,180.7,0.8,145.5,,-36.8,118.4,118.4,2000-12-31,108.7,-9.7,,,,2185.5,
CINF,1999,1999-12-31,,185.9,1.38,354.6,,-33,254.7,254.7,1999-12-31,321.6,66.9,,,,1773.6,
CINF,1998,1998-12-31,,189.7,1.28,335.1,,-28,241.6,241.6,1998-12-31,307.1,65.5,,,,1719.2,
CINF,1997,1997-12-31,,188.3,1.6,415.4,,-20.8,299.4,299.4,1997-12-31,394.6,95.2,,,,1527,
CINF,1996,1996-12-31,,191.1,1.19,302.5,,-20.1,223.8,223.8,1996-12-31,282.4,58.7,,,,1506.2,
CINF,1995,1995-12-31,,190.8,1.21,312.4,,-17.2,227.4,227.4,1995-12-31,295.2,67.8,,,,1343.2,
CINF,1994,1994-12-31,,190.3,1.07,259.3,,-10,201.2,201.2,1994-12-31,249.3,48.1,,,,1253.2,
CINF,1993,1993-12-31,,189.9,1.08,274.4,,-7.4,216,202.2,1993-12-31,267,64.8,,,,1167.8,
CINF,1992,1992-12-31,,186.9,0.93,215.9,,-6.7,171.3,171.3,1992-12-31,209.2,37.9,,,,1088.3,
CINF,1991,1991-12-31,,181.6,0.81,183.8,,-6.6,146.3,146.3,1991-12-31,177.1,30.9,,,,977.4,
CINF,1990,1990-12-31,,180.6,0.72,156.1,,-6.4,129,129,1990-12-31,149.8,20.8,,,,892.8,
CINF,1989,1989-12-31,,178.9,0.64,139.8,,-6.6,114.5,114.5,1989-12-31,133.2,18.7,,,,834.6,
CINF,1988,1988-12-31,,177.1,0.73,158.8,,-5.5,128.7,128.7,1988-12-31,153.3,24.5,,,,743.1,
CINF,1987,1987-12-31,,176.1,0.53,107.8,,-5.2,93.2,93.2,1987-12-31,102.6,9.5,,,,759.9,
CINF,1986,1986-12-31,,177.4,0.53,110.8,,-5.1,93.5,93.5,1986-12-31,105.7,12.2,,,,678.9,
CINF,1985,1985-12-31,,175.2,0.3,64,,-2,55,55,1985-12-31,62,7,,,,547.4,
CINF,1984,1984-12-31,,173.7,0.4,53.8,,-3.2,68.7,68.7,1984-12-31,50.6,-18.2,,,,437.5,
CINF,1983,1983-12-31,,173.1,0.27,54.9,,-2.9,46.8,46.8,1983-12-31,52,5.2,,,,383,
CTAS,2020,2020-05-31,3851.372,107.012,8.37391,1162.696,3233.748,-104.405,876.037,876.36,2020-05-31,1058.291,181.931,,7085.12,1938.052,2071.052,
CTAS,2019,2019-05-31,3763.715,109.495,8.09069,1133.534,3128.588,-31.135,884.981,883.904,2019-05-31,1102.399,218.495,,6892.303,1980.644,1995.054,
CTAS,2018,2018-05-31,3568.109,109.81,5.84374,949.834,2908.523,-108.833,842.586,622.484,2018-05-31,841.001,218.517,,6476.632,1916.792,1958.6889999999999,
CTAS,2017,2017-05-31,2943.086,107.783,4.65584,773.691,2380.295,-86.287,480.708,457.286,2017-05-31,687.404,230.118,,5323.381,1527.38,1606.6039999999998,
CTAS,2016,2016-05-31,2694.432,109.956,4.01501,768.941,2101.34,-63.626,693.52,448.605,2016-05-31,705.315,256.71,,4795.772,1332.399,1332.3990000000003,
CTAS,2015,2015-05-31,2476.754,117.543,3.39265,683.639,1892.923,-43.083,430.618,402.553,2015-05-31,640.556,238.003,,4369.677,1209.284,1209.284,
CTAS,2014,2014-05-31,2637.4,121.6,2.74,673.5,1914.4,-65.6,374.4,374.4,2014-05-31,607.9,233.4,,4551.8,1302.8,1241,
CTAS,2013,2013-05-31,2529.4,124.5,2.52,565.2,1787.1,-65.3,315.4,315.4,2013-05-31,499.9,184.5,,4316.5,1221.9,1221.9,
CTAS,2012,2012-05-31,2363.4,130,2.27,539.6,1738.6,-68.7,297.6,297.6,2012-05-31,470.9,173.3,,4102,1199,1199,
CTAS,2011,2011-05-31,2201.1,146.6,1.68,440.3,1609.3,-47.7,247,247,2011-05-31,392.7,145.7,,3810.4,1168.9,1168.9,
CTAS,2010,2010-05-31,2049.5,152.9,1.49,390.8,1497.8,-46.9,215.6,215.6,2010-05-31,343.9,128.3,,3547.3,1086.4,1107,
CTAS,2009,2009-05-31,2223.8,153.4,1.83,409.1,1550.9,-47.5,226.4,226.4,2009-05-31,361.6,135.2,,3774.7,1082.7,1141.7999999999997,
CTAS,2008,2008-05-31,2256.3,155.9,2.15,577.5,1681.6,-46.8,335.4,335.4,2008-05-31,530.7,195.3,,3937.9,1104.1,1104.1,
CTAS,2007,2007-05-31,2125.5,160.2,2.09,533.6,1581.4,,334.5,334.5,2007-05-31,533.6,199,,3706.9,1004,1047.8000000000002,
CTAS,2006,2006-05-31,1948.8,168.5,1.94,521.8,1454.8,,327.2,327.2,2006-05-31,521.8,194.6,,3403.6,908,933.0000000000002,
CTAS,2005,2005-05-31,1762.5,172.6,1.74,477,1304.8,,300.5,300.5,2005-05-31,477,176.5,,3067.3,810.2,827.8000000000002,
CTAS,2004,2004-05-31,1627.6,172.4,1.6,432.1,1186.5,,272.2,272.2,2004-05-31,432.1,159.9,,2814.1,727.6,754.4000000000001,
CTAS,2003,2003-05-31,1567.4,172,1.45,395.8,1119.2,,249.3,249.3,2003-05-31,395.8,146.5,,2686.6,695.4,723.4000000000001,
CTAS,2002,2002-05-31,1313.7,172.2,1.36,371.6,957.4,,234.3,234.3,2002-05-31,371.6,137.3,,2271.1,580.5,585.8,
CTAS,2001,2001-05-31,1264.4,171.6,1.3,356.5,896.3,,222.5,222.5,2001-05-31,356.5,134,,2160.7,528.4,539.8,
CTAS,2000,2000-05-31,1122.4,170,1.14,311.8,779.6,,193.4,193.4,2000-05-31,311.8,118.4,,1902,455.8,467.79999999999995,
CTAS,1999,1999-05-31,1066.7,169.3,0.99,224,684.9,,138.9,138.9,1999-05-31,224,85.1,,1751.6,403.6,460.89999999999986,
CTAS,1998,1998-05-31,710.2,155.4,0.87,179.4,488.1,,122.9,122.9,1998-05-31,179.4,56.6,,1198.3,287.2,308.69999999999993,
CTAS,1997,1997-05-31,500.7,151.1,0.6,146.6,339.3,,90.8,90.8,1997-05-31,146.6,55.8,,839.9,188.9,192.59999999999997,0
CTAS,1996,1996-05-31,436.8,149.5,0.5,122.2,293.3,,75.2,75.2,1996-05-31,122.2,47,,730.1,164.5,171.09999999999997,0
CTAS,1995,1995-05-31,371.3,143.3,0.44,101,243.8,,62.7,62.7,1995-05-31,101,38.2,,615.1,137.7,142.8,0
CTAS,1994,1994-05-31,313.3,140.1,0.37,85.5,209.9,,52.2,52.2,1994-05-31,85.5,33.3,,523.2,119.4,124.5,0
CTAS,1993,1993-05-31,269.7,139.2,0.32,71.3,183.1,,44.9,44.9,1993-05-31,71.3,26.4,,452.7,106.1,111.69999999999999,0
CTAS,1992,1992-05-31,243.3,138.6,0.26,58.2,158.3,,39.2,36.5,1992-05-31,58.2,21.7,,401.6,95.1,100.09999999999997,0
CTAS,1991,1991-05-31,193.5,128.3,0.25,48.8,129,,31.4,31.4,1991-05-31,48.8,17.3,,322.5,78.9,80.19999999999999,
CTAS,1990,1990-05-31,171.7,127.4,0.21,41.6,112.8,,26.6,26.6,1990-05-31,41.6,15,,284.5,69.8,71.20000000000002,
CTAS,1989,1989-05-31,147.5,127.6,0.17,34.8,96.1,,22.1,22.1,1989-05-31,34.8,12.8,,243.6,59.3,61.30000000000001,0
CTAS,1988,1988-05-31,122.5,121.2,0.14,27.7,82,,17.2,17.2,1988-05-31,27.7,10.5,,204.5,51.8,54.30000000000001,0
CTAS,1987,1987-05-31,96.7,119.3,0.12,25.1,66.7,,13.9,13.9,1987-05-31,25.1,11.2,,163.4,39.6,41.60000000000001,0
CTAS,1986,1986-05-31,75.2,117.8,0.1,20,48.5,,11.3,11.3,1986-05-31,20,8.8,,123.7,27.5,28.5,0
CTAS,1985,1985-05-31,66.6,117.1,0.08,16.6,41.2,,9.2,9.2,1985-05-31,16.6,7.4,,107.8,23.9,24.60000000000001,0
CTAS,1984,1984-05-31,50.3,1133.2,0.01,13.9,33,,7.4,7.4,1984-05-31,13.9,6.5,,83.2,19,19.10000000000001,0
CTAS,1983,1983-05-31,39.6,99.7,0.06,9.3,23.2,,5.5,5.5,1983-05-31,10.4,4.8,,62.8,13.6,13.899999999999999,1
CSCO,2020,2020-07-25,17618,4254,2.73838,13620,31683,467,11214,11214,2020-07-25,13970,2756,6347,49301,11098,18063,-117
CSCO,2019,2019-07-27,19238,4453,2.85963,14219,32666,366,11621,12493,2019-07-27,14571,2078,6577,51904,11439,18447,-14
CSCO,2018,2018-07-28,18724,4881,2.2193,12309,30606,824,110,10510,2018-07-28,13039,2529,6332,49330,11345,18297,-94
CSCO,2017,2017-07-29,17781,5049,2.02908,11973,30224,368,9609,9609,2017-07-29,12287,2678,6059,48005,11167,18251,-54
CSCO,2016,2016-07-30,18287,5088,2.17175,12660,30960,287,10739,10739,2016-07-30,12920,2181,6296,49247,11401,18300,-27
CSCO,2015,2015-07-25,19480,5146,1.84792,10770,29681,296,8981,8981,2015-07-25,11201,2220,6207,49161,11861,18911,135
CSCO,2014,2014-07-26,19373,5281,1.55,9345,27769,390,7853,7853,2014-07-26,9715,1862,6294,47142,11437,18424,-20
CSCO,2013,2013-07-27,19167,5380,1.87,11196,29440,-12,9983,9983,2013-07-27,11227,1244,5942,48607,11802,18244,43
CSCO,2012,2012-07-28,17852,5404,1.57,10065,28209,85,8041,8041,2012-07-28,10159,2118,5488,46061,11969,18144,9
CSCO,2011,2011-07-30,16619,5563,1.37,7674,26599,226,6490,6490,2011-07-30,7825,1335,5823,43218,11720,18925,-75
CSCO,2010,2010-07-31,14397,5848,1.37,9164,25643,235,7767,7767,2010-07-31,9415,1648,5273,40040,10715,16479,16
CSCO,2009,2009-07-25,13023,5857,1.12,7322,23094,419,6134,6134,2009-07-25,7693,1559,5208,36117,9968,15772,-48
CSCO,2008,2008-07-26,14056,6163,1.31,9442,25484,927,8052,8052,2008-07-26,10255,2203,5153,39540,10387,16042,-114
CSCO,2007,2007-07-28,12586,6265,1.18,8621,22336,925,7333,7333,2007-07-28,9461,2128,4499,34922,8728,13715,-85
CSCO,2006,2006-07-29,9737,6272,0.9,6996,18747,731,5580,5580,2006-07-29,7633,2053,4067,28484,7200,11751,-94
CSCO,2005,2005-07-30,8130,6612,0.87,7416,16671,647,5741,5741,2005-07-30,8036,2295,3322,24801,5680,9255,-27
CSCO,2004,2004-07-31,6919,7057,0.7,6292,15126,667,4401,4968,2004-07-31,6992,2024,3080,22045,5509,8834,33
CSCO,2003,2003-07-26,5645,7223,0.5,4882,13233,140,3578,3578,2003-07-26,5013,1435,3135,18878,4818,8351,-9
CSCO,2002,2002-07-27,6902,7447,0.26,2919,12013,895,1893,1893,2002-07-27,2710,817,3448,18915,4882,9094,-1104
CSCO,2001,2001-07-28,11221,7196,0.18,-2004,11072,190,-1014,-1014,2001-07-28,-874,140,3922,22293,6074,13076,940
CSCO,2000,2000-07-29,6746,7438,0.56,3235,12182,1108,2668,2668,2000-07-29,4343,1675,2704,18928,4579,8947,
CSCO,1999,1999-07-31,4240,6796,0.38,2984,7914,332,2096,2096,1999-07-31,3316,1220,1594,12154,2865,4930,
CSCO,1998,1998-07-25,2918,6433,0.3,2104,5541,198,1350,1350,1998-07-25,2302,952,1020,8459,1823,3436,
CSCO,1997,1997-07-26,2241,6256,0.25,1627,4199,262,1049,1049,1997-07-26,1889,840,698,6440,1365,2572,
CSCO,1996,1996-07-28,1410,6008,0.15,1401,2686,64,913,913,1996-07-28,1465,552,399,4096,886,1285,
CSCO,1995,1995-07-30,644,5738,0.09,643,1335,,421,421,1995-07-30,679,258,165,1979,431,692,36
CSCO,1994,1994-07-31,413,5377,0.06,488,830,,315,315,1994-07-31,509,195,89,1243,253,342,21
CSCO,1993,1993-07-25,211,4646,0.04,264,439,,172,172,1993-07-25,275,103,44,649,131,174,12
CSCO,1992,1992-07-26,111,4573,0.02,129,228,,84,84,1992-07-26,136,52,27,340,72,99,7
CSCO,1991,1991-07-28,62,4506,0.01,66,121,,43,43,1991-07-28,71,28,13,183,42,55,5
CSCO,1990,1990-07-29,24,3997,0,21,46,,14,14,1990-07-29,23,10,6,70,18,24,2
CSCO,1989,1989-07-31,12,3540,0,7,16,,4,4,1989-07-31,7,3,2,28,7,9,0
CSCO,1988,1988-07-31,2,2581,0,1,3,,0,0,1988-07-31,1,0,1,5,2,3,0
CSCO,1987,1987-07-31,1,1426,0,0,1,,0,0,1987-07-31,0,0,0,1,0,0,0
C,2019,2019-12-31,,2265.3,8.0493,,,,19401,19471,2019-12-31,23901,4430,,,,,
C,2018,2018-12-31,,2494.8,6.61193,,,,18045,17994,2018-12-31,23445,5451,,,,,
C,2017,2017-12-31,,2698.5,5.29437,,,,-6798,15973,2017-12-31,22761,6788,,,,,
C,2016,2016-12-31,,2888.3,4.89283,,,,14912,15033,2016-12-31,21477,6444,,,,,
C,2015,2015-12-31,,3007.7,5.48212,,,,17242,17386,2015-12-31,24826,7440,,,,,
C,2014,2014-12-31,,3037,2.28,,,,7313,7500,2014-12-31,14364,6864,,,,,
C,2013,2013-12-31,,3042,4.38,,,,13673,13630,2013-12-31,19497,5867,,,,,
C,2012,2012-12-31,,3016,4.13,,,,7541,7909,2012-12-31,7936,27,,,,,
C,2011,2011-12-31,,2999,4.23,,,,11067,11103,2011-12-31,14624,3521,,,,,
C,2010,2010-12-31,,2968,3.94,,,,10602,10951,2010-12-31,13184,2233,,,,,
C,2009,2009-12-31,,1157,-6.04,,,,-1606,-1066,2009-12-31,-7799,-6733,,,,,
C,2008,2008-12-31,,527,-62.06,,,,-27684,-32443,2008-12-31,-53055,-20612,,,,,
C,2007,2007-12-31,,500,9.16,,,,3617,3902,2007-12-31,1701,-2201,,,,,
C,2006,2006-12-31,,499,42.49,,,,21538,21538,2006-12-31,29639,8101,,,,,
C,2005,2005-12-31,,516,38.25,,,,24589,20355,2005-12-31,29433,9078,,,,,
C,2004,2004-12-31,,521,32.6,,,,17046,17273,2004-12-31,24182,6909,,,,,
C,2003,2003-12-31,,519,34.18,,,,17853,18138,2003-12-31,26333,8195,,,,,
C,2002,2002-12-31,,517,25.85,,,,15276,13539,2002-12-31,20537,6998,,,,,
C,2001,2001-12-31,,515,28.12,,,,14126,14371,2001-12-31,21897,7526,,,,,
C,2000,2000-12-31,,512,27.12,,,,13519,13618,2000-12-31,21143,7525,,,,,
C,1999,1999-12-31,,459,21.35,,,,9867,10245,1999-12-31,15948,5703,,,,,
C,1998,1998-12-31,,463,13.25,,,,5807,6035,1998-12-31,9269,3234,,,,,
C,1997,1997-12-31,,334,8.98,,,,3104,3316,1997-12-31,5012,1696,,,,,
C,1996,1996-12-31,,311,6.22,,,,2331,2347,1996-12-31,3398,1051,,,,,
C,1995,1995-12-31,,336,4.64,,,,1834,1628,1995-12-31,2521,893,,,,,
C,1994,1994-12-31,,274,3.97,,,,1326,1326,1994-12-31,2149,823,,,,,
C,1993,1993-12-31,,202,4.53,,,,916,973,1993-12-31,1523,550,,,,,
C,1992,1992-12-31,,189,3.3,,,,728,756,1992-12-31,1188,432,,,,,
C,1991,1991-12-31,,192,2.31,,,,479,504,1991-12-31,791,287,,,,,
C,1990,1990-12-31,,196,1.88,,,,373,387,1990-12-31,602,216,,,,,
C,1989,1989-12-31,,173,1.69,,,,289,331,1989-12-31,513,182,,,,,
C,1988,1988-12-31,,78,2.13,,,,162,162,1988-12-31,238,76,,,,,
CFG,2019,2019-12-31,,451.2137,3.81104,,,,1791,1791,2019-12-31,2251,460,,,,,
CFG,2018,2018-12-31,,480.43074,3.46632,,,,1721,1692,2018-12-31,2183,491,,,,,
CFG,2017,2017-12-31,,503.68509,2.60448,,,,1652,1321,2017-12-31,1912,591,,,,,
CFG,2016,2016-12-31,,523.93072,1.98342,,,,1045,1045,2016-12-31,1534,489,,,,,
CFG,2015,2015-12-31,,538.2209,1.55634,,,,840,840,2015-12-31,1263,423,,,,,
CFG,2014,2014-12-31,,557.7,1.69,,,,865,865,2014-12-31,1268,403,,,,,
CFG,2013,2013-12-31,,560,-0.92,,,,-3426,-3426,2013-12-31,-3468,-42,,,,,
CFG,2012,2012-12-31,,560,1.18,,,,643,643,2012-12-31,1024,381,,,,,
CFG,2011,2011-12-31,,560,0.93,,,,506,506,2011-12-31,778,272,,,,,
CFG,2010,2010-12-31,,560,,,,,,,2010-12-31,-49,-61,,,,,
CFG,2009,2009-12-31,,560,,,,,,,2009-12-31,-1193,-420,,,,,
CTXS,2019,2019-12-31,450.847,135.495,7.1059,536.118,2559.717,-28.229,681.813,681.813,2019-12-31,509.5,-172.313,518.877,3010.564,1453.385,2023.599,1.611
CTXS,2018,2018-12-31,433.803,145.934,3.89202,673.36,2540.1,-34.47,575.667,549.367,2018-12-31,629.455,80.088,439.984,2973.903,1389.577,1866.7400000000002,-9.435
CTXS,2017,2017-12-31,424.141,150.779,3.48063,572.397,2400.545,-30.305,-20.719,451.385,2017-12-31,550.346,98.961,415.801,2824.686,1308.177,1828.1480000000001,8.254
CTXS,2016,2016-12-31,403.761,157.084,3.37326,561.264,2332.319,-28.093,536.112,469.855,2016-12-31,527.77,57.915,395.373,2736.08,1293.177,1771.0549999999998,-5.401
CTXS,2015,2015-12-31,417.769,160.362,2.24166,202.792,2228.385,-32.478,319.361,215.133,2015-12-31,164.584,-50.549,480.957,2646.154,1292.226,2025.593,-5.73
CTXS,2014,2014-12-31,620.2,171.3,1.58,302.3,2522.6,-15.4,251.7,251.7,2014-12-31,275.7,24,553.8,3142.9,1600.2,2220.3,-11.2
CTXS,2013,2013-12-31,502.8,188.2,1.82,377,2415.6,12.4,339.5,339.5,2013-12-31,387.9,48.4,516.3,2918.4,1476.9,2038.6000000000001,-1.6
CTXS,2012,2012-12-31,404.1,189.1,1.86,390.8,2182,10.2,352.5,352.5,2012-12-31,410.2,57.7,450.6,2586.1,1306.1,1791.2000000000003,9.3
CTXS,2011,2011-12-31,282.2,190.6,1.87,417,1924.2,13.8,356.3,355.6,2011-12-31,430.5,74.9,343.7,2206.4,1147.1,1507.2,-0.3
CTXS,2010,2010-12-31,223.4,190.3,1.46,320.7,1651.2,14.1,277.1,276.4,2010-12-31,333.8,57.4,326.6,1874.7,988.6,1330.5,-1
CTXS,2009,2009-12-31,187.3,185,1.17,178.7,1426.8,14.3,191,191,2009-12-31,193.9,2.9,282,1614.1,918.7,1248.1000000000001,1
CTXS,2008,2008-12-31,175.1,186.7,0.96,170,1408.2,31.1,178.3,178.3,2008-12-31,196.9,18.6,288.1,1583.4,926.2,1238.3000000000002,-4.1
CTXS,2007,2007-12-31,137.6,187.4,1.2,202.4,1254.3,49,214.5,214.5,2007-12-31,250.9,36.4,205.1,1391.9,819.6,1051.9,-0.5
CTXS,2006,2006-12-31,98.7,187.7,0.98,203.3,1035.6,40.3,183,183,2006-12-31,243.1,60.1,155.3,1134.3,659,832.3,-0.5
CTXS,2005,2005-12-31,58,177.8,0.98,204.5,850.8,21.4,166.3,166.3,2005-12-31,225.5,59.2,108.7,908.7,519,646.2,-0.4
CTXS,2004,2004-12-31,26.4,174.7,0.9,151.8,714.7,9.9,131.5,131.5,2004-12-31,164.4,32.9,86.4,741.2,444.1,563,2.8
CTXS,2003,2003-12-31,31.1,171.4,0.74,154.4,557.6,2.8,126.9,126.9,2003-12-31,160.7,33.7,64.4,588.6,338.4,403.09999999999997,3.5
CTXS,2002,2002-12-31,19,179.4,0.52,103.9,494.3,12.8,93.9,93.9,2002-12-31,113.2,19.2,68.9,513.4,324.3,404.6,-3.5
CTXS,2001,2001-12-31,29.8,194.5,0.55,133.4,522,21.5,105.3,105.3,2001-12-31,152.6,47.3,67.7,551.8,309.3,428.5,-2.3
CTXS,2000,2000-12-31,29.1,199.7,0.51,112.2,401.5,24.2,94.5,94.5,2000-12-31,135,40.5,50.6,430.5,239.1,329.09999999999997,-1.4
CTXS,1999,1999-12-31,14.6,192.6,0.62,171.5,348.9,12.8,116.9,116.9,1999-12-31,182.7,65.8,37.4,363.5,159.1,217.20000000000002,-1.5
CTXS,1998,1998-12-31,16.7,182.6,0.44,85.5,200.2,-0.1,61.1,61.1,1998-12-31,95.5,34.4,22.9,216.9,95,146.4,10
CTXS,1997,1997-12-31,12.3,174.5,0.26,54.7,102,0,41.4,41.4,1997-12-31,64.6,23.3,6.9,114.3,46,56.900000000000006,9.9
CTXS,1996,1996-12-31,5.1,163.6,0.11,17.7,39.4,4.5,18.7,18.7,1996-12-31,22.3,3.6,3.8,44.5,17.9,21.700000000000003,
CTXS,1995,1995-12-31,2,121.5,0.02,1.8,12.6,0.2,1.9,1.9,1995-12-31,2,0.1,2.3,14.6,8.5,10.8,
CTXS,1994,1994-12-31,2.1,121.2,0,0.2,7.9,0,0.2,0.2,1994-12-31,0.2,0,1.9,10.1,5.8,7.800000000000001,
CTXS,1993,1993-12-31,0.9,98.9,-0.04,-2.7,4.2,0,-2.7,-2.7,1993-12-31,-2.7,0,1.7,5.2,5.2,7,
CTXS,1992,1992-12-31,0.5,86.6,-0.04,-3.7,1.3,0,-3.7,-3.7,1992-12-31,-3.7,0,1.5,1.8,3.5,5,
CTXS,1991,1991-12-31,0.1,60.1,-0.07,-3.7,0.2,0,-3.7,-3.7,1991-12-31,-3.7,0,1.5,0.3,2.4,3.9,
CME,2019,2019-12-31,,358.239,5.90807,2587.8,,636.7,2116.5,2115.8,2019-12-31,2689.6,573.8,,4868,1525,2280.2,-534.9
CME,2018,2018-12-31,,343.737,5.70785,2607.6,,740.2,1962.2,1963.5,2018-12-31,2777.8,814.3,,4309.4,1126.1,1701.8,-570
CME,2017,2017-12-31,,340.226,11.64461,2310.6,,543.9,4063.4,3961.8,2017-12-31,2526.3,-1435.5,,3644.7,929.4,1334.1,-328.2
CME,2016,2016-12-31,,338.966,4.52582,2200.5,,128.5,1534.1,1534.1,2016-12-31,2287.6,753.5,,3595.2,921,1394.7,-41.4
CME,2015,2015-12-31,,337.894,3.69051,1988.7,,10.9,1247,1247,2015-12-31,1956.8,709.8,,3326.8,985.1,1338.1,-42.8
CME,2014,2014-12-31,,336.063,3.35384,1768.4,,1.2,1127.1,1126.9,2014-12-31,1771.4,644.5,,3112.5,982.3,1344.1,1.8
CME,2013,2013-12-31,,334.4,2.92,1637,,-36,976.8,978.1,2013-12-31,1601,622.9,,2936.3,914.3,1299.3,0
CME,2012,2012-12-31,,332.3,2.7,1692,,-62.9,896.3,906.7,2012-12-31,1693.4,786.7,,2914.6,873.9,1222.6,64.3
CME,2011,2011-12-31,,333.8,5.43,2021.1,,-84.6,1812.3,1814.4,2011-12-31,1936.5,122.1,,3280.6,858.6,1259.5,0
CME,2010,2010-12-31,,332.5,2.86,1828.9,,-107,951.4,952.1,2010-12-31,1721.9,769.8,,3003.7,798.2,1174.8,0
CME,2009,2009-12-31,,332.7,2.57,1543.1,,-109.5,825.8,825.8,2009-12-31,1437.5,611.7,,2612.8,694.8,1069.7,3.9
CME,2008,2008-12-31,,294.8,2.97,1307.7,,-64.1,715.5,715.5,2008-12-31,1248,532.5,,2561,643.1,1253.3,4.4
CME,2007,2007-12-31,,220.5,3.01,1050.5,,62.5,658.5,658.5,2007-12-31,1095.8,437.3,,1756.1,557.2,705.6,-17.2
CME,2006,2006-12-31,,175.6,2.32,620.9,,50.8,407.3,407.3,2006-12-31,671.7,264.3,,1089.9,396.3,469.1,
CME,2005,2005-12-31,56.8,174.2,1.76,508.4,920.5,,306.9,306.9,2005-12-31,508.4,201.5,,977.3,347.2,412.09999999999997,
CME,2004,2004-12-31,19,172.1,1.28,367.7,733.8,,219.6,219.6,2004-12-31,367.7,148.1,,752.8,312.7,366.1,
CME,2003,2003-12-31,8.7,169.7,0.72,206.1,536,,122.1,122.1,2003-12-31,206.1,84,,544.8,276.9,330,
CME,2002,2002-12-31,15.9,150.3,0.65,154.2,453.2,,94.1,94.1,2002-12-31,154.2,60.2,,469.1,244.2,299,
CME,2001,2001-12-31,9.5,159.1,0.43,114.4,387.2,0,68.3,68.3,2001-12-31,114.4,46.1,,396.6,235.1,272.8,
CME,2000,2000-12-31,0,159.1,-0.04,-8.1,226.6,-1.2,-5.9,-5.9,2000-12-31,-9.2,-3.3,,226.6,201.1,234.6,
CME,1999,1999-12-31,0,159.1,0.02,6.6,210.6,-2.1,2.7,2.7,1999-12-31,4.5,1.9,,210.6,178.7,204,
CME,1998,1998-12-31,0,159.1,0.04,14.2,197.2,-2.8,7,7,1998-12-31,11.3,4.3,,197.2,165,183,
CME,1997,1997-12-31,0,159.1,0.08,19.1,177.6,0,8.7,12.1,1997-12-31,19.1,7,,177.6,141.9,158.6,
CMS,2019,2019-12-31,2340,284.3,2.2828,1239,,-502,680,651,2019-12-31,829,178,,6376,,3266,82
CMS,2018,2018-12-31,2530,282.9,2.21633,1162,,-438,657,629,2018-12-31,774,145,,6464,,3181,44
CMS,2017,2017-12-31,2339,280.8,2.16524,1338,,-411,460,610,2017-12-31,886,276,,6222,,2906,-46
CMS,2016,2016-12-31,2304,278.9,1.97562,1256,,-416,551,553,2016-12-31,826,273,,6064,,2839,-26
CMS,2015,2015-12-31,2450,276.5,1.8915,1178,,-370,523,525,2015-12-31,796,271,,6165,,2828,-22
CMS,2014,2014-12-31,3185,274.6,1.74,1152,,-387,477,479,2014-12-31,729,250,,6799,,2842,-44
CMS,2013,2013-12-31,2705,271.9,1.66,1142,,-382,452,454,2013-12-31,756,302,,6321,,2719,-10
CMS,2012,2012-12-31,2601,268.6,1.39,1003,,-367,382,377,2012-12-31,622,245,,6013,,2649,-23
CMS,2011,2011-12-31,2876,263.4,1.57,1002,,-397,415,415,2011-12-31,606,191,,6253,,2625,-5
CMS,2010,2010-12-31,2914,252.9,1.23,970,,-401,340,366,2010-12-31,590,224,,6156,,2548,-1
CMS,2009,2009-12-31,3029,237.9,0.67,714,,-417,229,220,2009-12-31,335,115,,5963,,2460,6
CMS,2008,2008-12-31,3612,234.8,1.2,800,,-362,300,307,2008-12-31,449,142,,6421,,2414,11
CMS,2007,2007-12-31,3680,226,0.72,1,,-343,-215,-115,2007-12-31,-310,-195,,6064,,2823,32
CMS,2006,2006-12-31,2960,219.9,0.69,-33,,-425,-79,-185,2006-12-31,-343,-158,,5675,,3972,36
CMS,2005,2005-12-31,2843,211.8,3.11,-274,,-430,-84,-538,2005-12-31,-706,-168,,5178,,3844,-8
CMS,2004,2004-12-31,2130,172.1,1.08,593,,-610,121,142,2004-12-31,137,-5,,4664,,2864,102
CMS,2003,2003-12-31,2935,150.4,0.14,595,,-566,-44,-43,2003-12-31,15,58,,4428,,2147,-11
CMS,2002,2002-12-31,5941,139,-0.37,99,,-504,-620,-416,2002-12-31,-403,13,,8661,,2647,-35
CMS,2001,2001-12-31,5872,130.8,0.54,301,,-691,-545,-328,2001-12-31,-401,-73,,8522,,3424,-22
CMS,2000,2000-12-31,5242,113.1,1.28,727,,-685,36,44,2000-12-31,104,60,,8062,,3029,-22
CMS,1999,1999-12-31,2615,114.7,2.77,912,,-581,241,277,1999-12-31,341,64,,5110,,2576,10
CMS,1998,1998-12-31,2369,107.2,2.22,775,,-387,272,242,1998-12-31,342,100,,4936,,1997,-46
CMS,1997,1997-12-31,2153,98.7,2.56,746,,-349,253,268,1997-12-31,385,117,,4672,,1888,-12
CMS,1996,1996-12-31,1788,92.7,2.44,677,,-287,226,240,1996-12-31,379,139,,3998,,1868,-11
CMS,1995,1995-12-31,1508,89,2.26,603,,-271,201,204,1995-12-31,334,130,,3676,,1779,2
CMS,1994,1994-12-31,1429,86,2.08,504,,-229,179,179,1994-12-31,283,104,,3615,,1686,8
CMS,1993,1993-12-31,1416,81,1.91,439,,-234,155,155,1993-12-31,247,92,,3335,,1627,42
CMS,1992,1992-12-31,1321,79.9,-3.72,231,,-212,-297,-297,1992-12-31,-275,22,,3059,,1594,-294
CMS,1991,1991-12-31,1212,80,-3.28,270,,-347,-276,-262,1991-12-31,-233,29,,2934,,1459,-156
CMS,1990,1990-12-31,1096,81,-6.1,517,,-299,-494,-494,1990-12-31,-385,109,,2971,,1364,-603
CMS,1989,1989-12-31,935,82,3.8,592,,-188,312,312,1989-12-31,453,141,,2957,,1434,49
CMS,1988,1988-12-31,987,82.2,3.31,599,,-248,272,272,1988-12-31,413,141,,2939,,1357,62
CMS,1987,1987-12-31,919,85.4,2.2,438,,239,260,263,1987-12-31,238,-25,,2753,,1396,-439
CMS,1986,1986-12-31,1068,88,0.74,722,,-398,178,178,1986-12-31,422,244,,3063,,1318,98
CMS,1985,1985-12-31,1250,88.1,-4.41,727,,-576,-388,-388,1985-12-31,-152,236,,3292,,1321,-303
KO,2019,2019-12-31,14619,4314,2.18161,9204,22647,840,8920,8985,2019-12-31,10786,1801,,37266,12150,13443,3
KO,2018,2018-12-31,13067,4299,2.00277,7483,21233,9,6434,6484,2018-12-31,8225,1741,,34300,10984,13750,733
KO,2017,2017-12-31,13721,4324,1.5285,7417,22491,1273,1248,4893,2017-12-31,6890,1997,,36212,12881,15074,-1800
KO,2016,2016-12-31,16465,4367,1.92213,7400,25398,464,6527,6550,2016-12-31,8136,1586,,41863,15392,17998,272
KO,2015,2015-12-31,17482,4405,2.10524,7722,26812,2031,7351,7366,2015-12-31,9605,2239,,44294,16451,19090,-148
KO,2014,2014-12-31,17889,4450,1.95,8505,28109,-196,7098,7124,2014-12-31,9325,2201,,45998,17273,19604,1016
KO,2013,2013-12-31,18421,4509,2,10728,28433,881,8584,8626,2013-12-31,11477,2851,,46854,17372,17705,-132
KO,2012,2012-12-31,19053,4584,1.99,11056,28964,988,9019,9086,2012-12-31,11809,2723,,48017,17711,17908,-235
KO,2011,2011-12-31,18216,4646,1.87,10732,28326,756,8572,8634,2011-12-31,11439,2805,,46542,17440,17594,-49
KO,2010,2010-12-31,12693,4666,1.55,13741,22426,609,11809,11859,2010-12-31,14243,2384,,35119,13158,8685,-107
KO,2009,2009-12-31,11088,4658,1.52,8231,19902,675,6824,6906,2009-12-31,8946,2040,,30990,11358,11671,40
KO,2008,2008-12-31,11374,4672,1.3,8446,20570,-979,5807,5807,2008-12-31,7439,1632,,31944,11774,12124,-28
KO,2007,2007-12-31,10406,4662,1.32,7252,18451,448,5981,5981,2007-12-31,7873,1892,,28857,10945,11199,173
KO,2006,2006-12-31,8164,4700,1.11,6308,15924,75,5080,5080,2006-12-31,6578,1498,,24088,9431,9616,195
KO,2005,2005-12-31,8195,4786,1.03,6085,14909,698,4872,4872,2005-12-31,6690,1818,,23104,8739,8824,-93
KO,2004,2004-12-31,7638,4858,1.07,5698,14324,606,4847,4847,2004-12-31,6222,1375,,21962,8146,8626,-82
KO,2003,2003-12-31,7762,4924,0.97,5221,13282,412,4347,4347,2003-12-31,5495,1148,,21044,7488,8061,-138
KO,2002,2002-12-31,7105,4966,0.8,5458,12459,394,3050,3976,2002-12-31,5499,1523,,19564,7001,7001,-353
KO,2001,2001-12-31,6044,4974,0.8,5352,14048,279,3969,3979,2001-12-31,5670,1691,,20092,8696,8696,39
KO,2000,2000-12-31,6204,4974,0.62,3691,14254,-391,2177,2177,2000-12-31,3399,1222,,20458,9120,10563,99
KO,1999,1999-12-31,6009,4974,0.59,3982,13796,-261,2431,2431,1999-12-31,3819,1388,,19805,9001,9814,98
KO,1998,1998-12-31,5562,4992,0.71,4967,13251,1,3533,3533,1998-12-31,5198,1665,,18813,8284,8284,230
KO,1997,1997-12-31,6015,5030,0.82,5001,12853,471,4129,4129,1997-12-31,6055,1926,,18868,7852,7852,583
KO,1996,1996-12-31,6738,5046,0.69,3915,11808,594,3492,3492,1996-12-31,4596,1104,,18546,7893,7893,87
KO,1995,1995-12-31,6940,5098,0.59,4092,11078,216,2986,2986,1995-12-31,4328,1342,,18018,6986,6986,20
KO,1994,1994-12-31,6167,5198,0.49,3708,10005,116,2554,2554,1994-12-31,3728,1174,,16172,6297,6297,-96
KO,1993,1993-12-31,5160,5252,0.42,3102,8797,79,2176,2188,1993-12-31,3185,997,,13957,5695,5695,4
KO,1992,1992-12-31,5054,5336,0.35,2771,8020,58,1666,1885,1992-12-31,2747,862,,13074,5249,5249,-82
KO,1991,1991-12-31,4648,5390,0.3,2320,6924,22,1618,1618,1991-12-31,2383,765,,11572,4604,4604,41
KO,1990,1990-12-31,4209,5412,0.25,1951,6027,49,1381,1381,1990-12-31,2014,633,,10236,4076,4076,14
KO,1989,1989-12-31,3892,5578,0.2,1787,5074,-28,1724,1193,1989-12-31,1764,571,,8966,3348,3287,5
KO,1988,1988-12-31,3701,5858,0.18,1599,4637,16,1045,1045,1988-12-31,1582,537,,8338,3038,3038,-33
KO,1987,1987-12-31,3633,6038,0.15,1364,4025,47,917,917,1987-12-31,1411,494,,7658,2665,2661,
KO,1986,1986-12-31,3454,6189,0.13,1272,3523,98,934,934,1986-12-31,1405,471,,6977,2446,2251,35
KO,1985,1985-12-31,3860,6294,0.11,984,3352,-17,723,678,1985-12-31,1064,386,,7212,2368,2368,97
KO,1984,1984-12-31,3993,6346,0.1,1057,3371,5,628,628,1984-12-31,1067,439,,7364,2314,2314,5
KO,1983,1983-12-31,3773,6539,0.09,992,3056,10,562,557,1983-12-31,999,442,,6829,2064,2064,-3
CTSH,2019,2019-12-31,10634,560,4.34286,2453,6149,85,1842,1900,2019-12-31,2543,643,,16783,2972,3696,5
CTSH,2018,2018-12-31,9838,584,3.81595,2801,6287,-2,2101,2094,2018-12-31,2797,703,,16125,3007,3486,-2
CTSH,2017,2017-12-31,8920,595,3.66128,2481,5890,177,1504,2119,2017-12-31,2655,536,,14810,2677,3409,-3
CTSH,2016,2016-12-31,8025,610,2.5459,2289,5462,66,1553,1552,2016-12-31,2357,805,,13487,2728,3173,2
CTSH,2015,2015-12-31,7423.2,613.3,2.64732,2142,4992.8,23.4,1623.6,1623.6,2015-12-31,2163.6,540,,12416,2520.5,2850.8,-1.8
CTSH,2014,2014-12-31,6025,612,2.35,1885,4237,40,1439,1439,2014-12-31,1924,485,,10263,2037,2353,0
CTSH,2013,2013-12-31,5044,610,2.02,1678,3799,8,1229,1229,2013-12-31,1688,459,,8843,1728,2121,2
CTSH,2012,2012-12-31,4278,612,1.72,1361,3068,24,1051,1051,2012-12-31,1388,336,,7346,1558,1707,2
CTSH,2011,2011-12-31,3539,621,1.42,1136,2583,30,884,884,2011-12-31,1169,286,,6121,1329,1446,2
CTSH,2010,2010-12-31,2655,618,1.19,862,1938,16,734,734,2010-12-31,879,145,,4592,972,1076,1
CTSH,2009,2009-12-31,1849,602,0.89,618,1429,18,535,535,2009-12-31,637,102,,3279,721,811,1
CTSH,2008,2008-12-31,1573,598,0.72,517,1243,22,431,431,2008-12-31,515,84,,2816,652,727,-24
CTSH,2007,2007-12-31,1206,607,0.58,382,930,30,350,350,2007-12-31,414,64,,2136,494,548,3
CTSH,2006,2006-12-31,788,602,0.39,259,636,18,233,233,2006-12-31,278,45,,1424,343,377,1
CTSH,2005,2005-12-31,480,588,0.28,178,406,9,166,166,2005-12-31,185,19,,886,207,228,-1
CTSH,2004,2004-12-31,320,570,0.18,118,267,4,100,100,2004-12-31,122,22,,587,133,149,0
CTSH,2003,2003-12-31,200,543,0.11,70,169,2,57,57,2003-12-31,72,15,,368,84,98,0
CTSH,2002,2002-12-31,123,510,0.07,44,106,2,35,35,2002-12-31,45,11,,229,53,63,0
CTSH,2001,2001-12-31,91,489,0.05,34,87,3,22,22,2001-12-31,35,13,,178,45,53,-1
CTSH,2000,2000-12-31,70,486,0.04,26,67,3,18,18,2000-12-31,28,11,,137,36,41,-1
CTSH,1999,1999-12-31,46,466,0.02,17,43,1,11,11,1999-12-31,18,7,,89,23,26,0
CTSH,1998,1998-12-31,32,397,0.02,9,27,1,6,6,1998-12-31,10,4,,59,16,18,0
CTSH,1997,1997-12-31,14,317,0,2,10,0,1,2,1997-12-31,2,1,,25,7,9,0
CTSH,1996,1996-12-31,6,312,0,1,6,0,1,1,1996-12-31,1,0,,12,4,5,0
CTSH,1995,1995-12-31,4,312,0,1,4,0,0,1,1995-12-31,1,0,,7,2,2,0
CTSH,1994,1994-12-31,1,312,0,0,1,0,0,0,1994-12-31,0,0,,2,1,1,0
CL,2019,2019-12-31,6360,861.1,2.9035,3547,9333,-145,2367,2527,2019-12-31,3301,774,,15693,5515,5786,-101
CL,2018,2018-12-31,6282,873,2.98122,3685,9262,-143,2400,2638,2018-12-31,3464,826,,15544,5356,5577,-78
CL,2017,2017-12-31,6099,887.8,2.85298,3687,9355,-102,2024,2449,2017-12-31,3487,1038,,15454,5314,5668,-98
CL,2016,2016-12-31,6026,898.4,2.83102,3943,9169,-99,2441,2586,2016-12-31,3738,1152,,15195,5066,5226,-106
CL,2015,2015-12-31,6615,909.7,2.25981,2789,9419,-26,1384,1548,2015-12-31,2763,1215,,16034,5400,6630,
CL,2014,2014-12-31,7139,924,2.83,3557,10138,-24,2180,2339,2014-12-31,3533,1194,,17277,5920,6581,-18
CL,2013,2013-12-31,7187,940,2.79,3556,10233,9,2241,2410,2013-12-31,3565,1155,,17420,6086,6677,-5
CL,2012,2012-12-31,7151,960,2.65,3889,9934,-15,2472,2631,2012-12-31,3874,1243,,17085,5917,6045,-1
CL,2011,2011-12-31,7144,984,2.49,3841,9590,-52,2431,2554,2011-12-31,3789,1235,,16734,5769,5749,-17
CL,2010,2010-12-31,6360,1022,2.42,3489,9204,-59,2203,2313,2010-12-31,3430,1117,,15564,5411,5715,-15
CL,2009,2009-12-31,6319,1049,2.19,3615,9008,-77,2291,2397,2009-12-31,3538,1141,,15327,5336,5393,29
CL,2008,2008-12-31,6645,1070,1.93,3021,8685,-96,1957,1957,2008-12-31,2925,968,,15330,5341,5664,0
CL,2007,2007-12-31,5889,1087,1.73,2653,7901,-157,1737,1737,2007-12-31,2497,759,,13790,4939,5248,13
CL,2006,2006-12-31,5340,1101,1.44,2161,6898,-159,1353,1353,2006-12-31,2002,648,,12238,4309,4737,0
CL,2005,2005-12-31,5092,1113,1.23,2215,6305,-136,1351,1351,2005-12-31,2079,728,,11397,3953,4090,
CL,2004,2004-12-31,4744,1139,1.19,2122,5840,-120,1327,1327,2004-12-31,2002,675,,10584,3625,3718,
CL,2003,2003-12-31,4456,1158,1.2,2166,5447,-124,1421,1421,2003-12-31,2042,621,,9903,3296,3281,
CL,2002,2002-12-31,4224,1178,1.09,2013,5070,-143,1288,1288,2002-12-31,1870,582,,9294,3034,3057,
CL,2001,2001-12-31,4237,1215,0.94,1835,5191,-166,1147,1147,2001-12-31,1669,522,,9428,3262,3356,
CL,2000,2000-12-31,4266,1255,0.85,1741,5092,-173,1064,1064,2000-12-31,1567,503,,9358,3300,3351,
CL,1999,1999-12-31,4224,1278,0.73,1566,4894,-172,937,937,1999-12-31,1395,457,,9118,3254,3328,
CL,1998,1998-12-31,4290,1297,0.65,1423,4681,-173,849,849,1998-12-31,1250,402,,8972,3197,3259,
CL,1997,1997-12-31,4462,1301,0.57,1286,4595,-184,740,740,1997-12-31,1102,362,,9057,3237,3309,
CL,1996,1996-12-31,4451,1287,0.49,1152,4298,-197,635,635,1996-12-31,955,320,,8749,3052,3146,
CL,1995,1995-12-31,4353,1182,0.31,364,4005,,172,172,1995-12-31,364,192,,8358,2880,3642,
CL,1994,1994-12-31,3913,1282,0.44,880,3675,,580,580,1994-12-31,880,300,,7588,2625,2795,
CL,1993,1993-12-31,3730,1366,0.39,836,3411,,190,548,1993-12-31,836,288,,7141,2457,2575,
CL,1992,1992-12-31,3708,1377,0.34,728,3299,,477,477,1992-12-31,728,251,,7007,2500,2571,
CL,1991,1991-12-31,3296,1111,0.27,218,2764,,125,125,1991-12-31,218,93,,6060,2142,2546,
CL,1990,1990-12-31,3121,1181,0.26,511,2570,,321,321,1990-12-31,511,190,,5691,2016,2059,
CL,1989,1989-12-31,2843,1157,0.24,447,2196,,280,280,1989-12-31,447,167,,5039,1760,1749,
CL,1988,1988-12-31,2725,1101,0.17,250,2009,,318,153,1988-12-31,250,98,,4734,1648,1759,
CL,1987,1987-12-31,2509,1108,0.12,40,1856,,54,1,1987-12-31,40,40,,4366,1568,1816,
CL,1986,1986-12-31,2892,1124,0.16,297,2092,,177,177,1986-12-31,297,120,,4985,1760,1796,
CL,1985,1985-12-31,2681,1258,0.13,275,1843,,109,168,1985-12-31,275,108,,4524,1566,1567,
CL,1984,1984-12-31,3070,1322,0.1,115,1840,,72,54,1984-12-31,115,62,,4910,1545,1725,
CL,1983,1983-12-31,2982,1306,0.15,350,1883,,198,198,1983-12-31,350,153,,4865,1549,1532,
CMCSA,2019,2019-12-31,34440,4610,2.92397,21125,74502,-4416,13057,13323,2019-12-31,16996,3673,,108942,40244,53377,287
CMCSA,2018,2018-12-31,29692,4640,2.53708,19009,64815,-4093,11731,11882,2018-12-31,15242,3360,,94507,35005,45806,326
CMCSA,2017,2017-12-31,25355,4786,2.10203,18018,59674,-2996,22735,10240,2017-12-31,15353,5113,,85029,31718,41656,331
CMCSA,2016,2016-12-31,24348,4875,1.82082,16831,56388,-3034,8678,9028,2016-12-31,14326,5298,,80736,30131,39557,529
CMCSA,2015,2015-12-31,22550,5036,1.65091,15939,51960,-2900,8163,8413,2015-12-31,13372,4959,,74510,27282,36021,333
CMCSA,2014,2014-12-31,20912,5240,1.61,14854,47863,-2202,8380,8592,2014-12-31,12465,3873,,68775,24940,33009,-187
CMCSA,2013,2013-12-31,19670,5330,1.28,13534,44987,-2068,6816,7135,2013-12-31,11115,3980,,64657,23553,31453,-351
CMCSA,2012,2012-12-31,19929,5434,1.14,12155,42641,-1325,6203,7865,2012-12-31,11609,3744,,62570,22664,30486,780
CMCSA,2011,2011-12-31,37485,5556,0.76,10721,18357,-2381,4160,5157,2011-12-31,8207,3050,,55842,,7636,-133
CMCSA,2010,2010-12-31,15250,5640,0.65,7956,22687,-1985,3635,3668,2010-12-31,6104,2436,,37937,8091,14731,133
CMCSA,2009,2009-12-31,14396,5770,0.64,7170,21360,-2086,3638,3628,2009-12-31,5106,1478,,35756,7646,14190,22
CMCSA,2008,2008-12-31,13472,5904,0.47,6732,20784,-2389,2547,2525,2008-12-31,4058,1533,,34256,7652,14052,-285
CMCSA,2007,2007-12-31,11175,6258,0.41,5578,19720,-1751,2587,2549,2007-12-31,4349,1800,,30895,7934,14142,522
CMCSA,2006,2006-12-31,9010,6360,0.35,4619,15956,-1198,2533,2247,2006-12-31,3594,1347,,24966,6514,11337,173
CMCSA,2005,2005-12-31,7969,6624,0.14,3690,14286,-1754,928,947,2005-12-31,1880,933,,22255,5793,10596,-56
CMCSA,2004,2004-12-31,7462,6750,0.14,2892,12845,-1476,970,984,2004-12-31,1810,826,,20307,5314,9953,394
CMCSA,2003,2003-12-31,7041,6768,-0.03,1882,11307,-2090,3240,-121,2003-12-31,-137,-16,,18348,4915,9425,71
CMCSA,2002,2002-12-31,6304,3330,-0.08,1659,6156,-1592,-274,-64,2002-12-31,70,134,,12460,2465,4497,3
CMCSA,2001,2001-12-31,5420,2894,0.08,-746,4254,301,609,386,2001-12-31,856,470,,9674,1553,5000,1301
CMCSA,2000,2000-12-31,4497,2846,0.72,-161,3721,271,2022,2160,2000-12-31,3602,1441,,8219,1251,3883,3492
CMCSA,1999,1999-12-31,3403,2460,0.32,664,2806,93,1066,776,1999-12-31,1500,724,,6209,926,2142,743
CMCSA,1998,1998-12-31,2872,2418,0.42,557,2273,-1170,972,963,1998-12-31,1557,594,,5145,776,1716,2171
CMCSA,1997,1997-12-31,2510,2034,-0.11,532,2403,-565,-239,-285,1997-12-31,-229,56,,4913,934,1871,-196
CMCSA,1996,1996-12-31,2060,1486,-0.04,509,1979,-563,-54,-101,1996-12-31,-16,84,,4038,772,1470,38
CMCSA,1995,1995-12-31,1702,1438,-0.03,330,1661,-382,-44,-88,1995-12-31,-45,42,,3363,642,1331,6
CMCSA,1994,1994-12-31,410,1418,-0.05,240,965,-313,-87,-81,1994-12-31,-90,-9,,1375,389,726,-16
CMCSA,1993,1993-12-31,408,1284,-0.08,265,930,,-859,-99,1993-12-31,-84,15,,1338,324,665,-349
CMCSA,1992,1992-12-31,276,1211,-0.18,165,625,,-270,-218,1992-12-31,-204,14,,900,228,459,-369
CMCSA,1991,1991-12-31,252,1072,-0.15,145,469,,-156,-156,1991-12-31,-143,13,,721,160,324,-288
CMCSA,1990,1990-12-31,235,1016,-0.18,110,416,,-178,-178,1990-12-31,-183,-5,,651,145,306,-293
CMCSA,1989,1989-12-31,208,965,-0.15,90,354,,-149,-149,1989-12-31,-147,2,,562,131,264,-237
CMCSA,1988,1988-12-31,171,903,-0.05,65,278,,-48,-48,1988-12-31,-44,3,,450,102,214,-110
CMCSA,1987,1987-12-31,118,867,-0.01,46,191,,-9,-9,1987-12-31,4,13,,309,79,145,-43
CMCSA,1986,1986-12-31,50,751,0,29,81,,1,1,1986-12-31,13,12,,131,34,52,-15
CMCSA,1985,1985-12-31,48,635,0.02,22,70,,15,15,1985-12-31,23,9,,117,32,47,1
CMCSA,1984,1984-12-31,43,676,0.02,24,60,,12,12,1984-12-31,22,10,,103,23,36,-2
CMCSA,1983,1983-12-31,36,618,0.01,16,49,,9,9,1983-12-31,12,3,,84,20,32,-4
CMA,2019,2019-12-31,,151,7.88742,,,,1198,1198,2019-12-31,1532,334,,,,,
CMA,2018,2018-12-31,,171,7.37641,,,,1235,1227,2018-12-31,1535,308,,,,,
CMA,2017,2017-12-31,,178,4.91359,,,,743,850,2017-12-31,1234,384,,,,,
CMA,2016,2016-12-31,,177,3.05041,,,,477,477,2016-12-31,670,193,,,,,
CMA,2015,2015-12-31,,181,2.72249,,,,521,521,2015-12-31,750,229,,,,,
CMA,2014,2014-12-31,,185,3.06,,,,593,593,2014-12-31,870,277,,,,,
CMA,2013,2013-12-31,,187,3.06,,,,541,541,2013-12-31,730,189,,,,,
CMA,2012,2012-12-31,,192,2.82,,,,521,521,2012-12-31,710,189,,,,,
CMA,2011,2011-12-31,,186.2,2.46,,,,393,393,2011-12-31,530,137,,,,,
CMA,2010,2010-12-31,,173,0.84,,,,277,260,2010-12-31,315,55,,,,,
CMA,2009,2009-12-31,,151.5,-0.67,,,,17,16,2009-12-31,-115,-131,,,,,
CMA,2008,2008-12-31,,151,1.97,,,,213,212,2008-12-31,271,59,,,,,
CMA,2007,2007-12-31,,155,4.45,,,,686,682,2007-12-31,988,306,,,,,
CMA,2006,2006-12-31,,162,4.72,,,,893,782,2006-12-31,1127,345,,,,,
CMA,2005,2005-12-31,,169,4.9,,,,861,861,2005-12-31,1279,418,,,,,
CMA,2004,2004-12-31,,173.8,4.37,,,,757,757,2004-12-31,1110,353,,,,,
CMA,2003,2003-12-31,,176,3.8,,,,661,661,2003-12-31,953,292,,,,,
CMA,2002,2002-12-31,,177,3.73,,,,601,601,2002-12-31,882,281,,,,,
CMA,2001,2001-12-31,,180,4.46,,,,709.6,709.6,2001-12-31,1110.6,401.1,,,,,
CMA,2000,2000-12-31,,158.3,4.43,,,,749.3,749.3,2000-12-31,1151.4,402,,,,,
CMA,1999,1999-12-31,,158.4,4.14,,,,672.6,672.6,1999-12-31,1033.1,360.5,,,,,
CMA,1998,1998-12-31,,158.8,3.69,,,,607.1,607.1,1998-12-31,931.4,324.3,,,,,
CMA,1997,1997-12-31,,161,3.19,,,,530.5,530.5,1997-12-31,816.7,286.3,,,,,
CMA,1996,1996-12-31,,171.2,2.72,,,,417.2,417.2,1996-12-31,646.2,229,,,,,
CMA,1995,1995-12-31,,174.9,2.36,,,,413.4,413.4,1995-12-31,625.7,212.3,,,,,
CMA,1994,1994-12-31,,177.2,2.18,,,,387.2,387.2,1994-12-31,582.1,194.9,,,,,
CMA,1993,1993-12-31,,179.6,1.9,,,,340.6,340.6,1993-12-31,488.6,147.9,,,,,
CMA,1992,1992-12-31,,173.5,1.28,,,,226,226,1992-12-31,312.7,86.7,,,,,
CMA,1991,1991-12-31,,133.8,1.12,,,,153.4,153.4,1991-12-31,217.2,63.8,,,,,
CMA,1990,1990-12-31,,157.4,1.53,,,,244.7,244.7,1990-12-31,322.6,77.9,,,,,
CMA,1989,1989-12-31,,154.1,1.23,,,,193.6,193.6,1989-12-31,243.8,50.2,,,,,
CAG,2020,2020-05-31,7938.7,488.6,2.31723,1469.9,3115.7,-500,840.1,768.6,2020-05-31,969.9,201.3,,11054.4,1287.1,1645.8000000000002,
CAG,2019,2019-05-26,6878.1,445.6,1.90497,1205.5,2660.3,-382.2,678.3,604.5,2019-05-26,823.3,218.8,,9538.4,1260.2,1454.7999999999993,
CAG,2018,2018-05-27,5578.1,407.4,1.69514,1035.5,2360.2,-160.7,808.4,466.9,2018-05-27,874.8,407.9,,7938.3,1080.9,1324.6999999999998,
CAG,2017,2017-05-28,5468.2,436,2.30934,925.7,2358.7,-196.2,639.3,474.8,2017-05-28,729.5,254.7,,7826.9,710.3,1433,
CAG,2016,2016-05-29,6227.5,434.4,0.63932,414.2,2436.6,-305.4,-677,62.4,2016-05-29,108.8,46.4,,8664.1,1734.5,2022.3999999999996,
CAG,2015,2015-05-31,6667,426.1,1.02746,977,2367,-392.4,-252.6,371.9,2015-05-31,584.6,212.7,,9034,1390,1390,
CAG,2014,2014-05-25,14091,428,1.82,1317,3618,-323,721,696,2014-05-25,994,298,,17709,2208,2301,
CAG,2013,2013-05-26,11931,418,1.86,1424,3560,-276,774,749,2013-05-26,1149,400,,15491,2131,2136,
CAG,2012,2012-05-27,10436,418,1.14,829,2827,-204,468,429,2012-05-27,625,196,,13263,1983,1997,
CAG,2011,2011-05-29,9390,434,1.98,1402,2914,-178,817,804,2011-05-29,1225,421,,12303,1462,1511,
CAG,2010,2010-05-30,9014,447,1.71,1245,3065,-160,726,723,2010-05-30,1085,362,,12079,1798,1820,
CAG,2009,2009-05-31,9891,455,1.42,1146,2841,-186,978,622,2009-05-31,960,337,,12731,1695,1694,
CAG,2008,2008-05-25,8890,491,1.06,950,2716,-253,931,469,2008-05-25,696,227,,11606,1766,1766,
CAG,2007,2007-05-27,8890,507,1.35,1231,3139,-181,765,684,2007-05-27,1050,366,,12028,1908,1908,
CAG,2006,2006-05-28,8743,520,1.15,1228,2836,-322,534,596,2006-05-28,906,310,,11579,1938,1609,
CAG,2005,2005-05-29,11446,520,1.27,1472,3121,-339,642,663,2005-05-29,1133,470,,14567,1835,1649,
CAG,2004,2004-05-30,11302,531,1.36,1398,3221,-245,811,725,2004-05-30,1153,428,,14522,1823,1823,
CAG,2003,2003-05-25,16016,531,1.58,1515,3823,-239,775,840,2003-05-25,1276,436,,19839,2308,2308,
CAG,2002,2002-05-26,23537,528,1.76,1670,4093,-402,783,785,2002-05-26,1268,483,,27630,2423,2423,
CAG,2001,2001-05-27,23312,514,1.51,1527,3883,-423,639,683,2001-05-27,1104,422,,27194,2355,2355,
CAG,2000,2000-05-28,22183,479,1.35,921,3352,-304,382,382,2000-05-28,618,235,,25535,2108,2430,
CAG,1999,1999-05-30,20556,477,1.38,999,4038,-317,358,358,1999-05-30,682,324,,24594,2598,3039,
CAG,1998,1998-05-31,20162,461,1.51,1320,3678,-299,613,628,1998-05-31,1021,393,,23841,2358,2358,
CAG,1997,1997-05-25,20442,459,1.49,1295,3560,-277,615,615,1997-05-25,1018,403,,24002,2265,2265,
CAG,1996,1996-05-26,21322,459,1.06,714,3499,-305,189,189,1996-05-26,409,220,,24822,2278,2786,
CAG,1995,1995-05-28,20778,487,1.11,1101,3331,-275,496,496,1995-05-28,826,330,,24109,2230,2230,
CAG,1994,1994-05-29,20452,486,1,715,3060,5,437,437,1994-05-29,720,283,,23512,2091,2345,
CAG,1993,1993-05-31,18640,466,0.94,606,2879,25,270,392,1993-05-31,631,240,,21519,2014,2273,
CAG,1992,1992-05-31,18195,464,0.75,570,3024,18,372,372,1992-05-31,588,215,,21219,2136,2454,
CAG,1991,1991-05-26,16932,411,0.71,492,2573,24,311,311,1991-05-26,515,204,,19505,1783,2081,
CAG,1990,1990-05-27,13847,372,0.61,339,1655,18,232,232,1990-05-27,357,125,,15501,1151,1315,
CAG,1989,1989-05-28,9874,367,0.54,312,1466,0,198,198,1989-05-28,312,114,,11340,1022,1154,
CAG,1988,1988-05-29,8389,363,0.43,239,1219,5,155,155,1988-05-29,244,90,,9608,899,980,
CAG,1987,1987-05-31,7925,366,0.41,274,1218,0,149,149,1987-05-31,274,125,,9144,883,945,
CAG,1986,1986-05-25,5150,368,0.29,177,761,3,105,105,1986-05-25,180,75,,5911,541,584,
CAG,1985,1985-05-26,4847,367,0.25,150,651,2,92,92,1985-05-26,152,60,,5498,457,501,
CAG,1984,1984-05-27,2837,287,0.23,72,464,18,63,65,1984-05-27,90,25,,3302,361,393,
CAG,1983,1983-05-29,1970,250,0.2,75,339,5,48,50,1983-05-29,80,29,,2309,237,264,
CXO,2019,2019-12-31,716,198.984,-0.27163,-987,3876,-185,-705,-705,2019-12-31,-859,-154,201,4592,790,4863,313
CXO,2018,2018-12-31,590,171.249,9.70331,2930,3561,-149,2286,2279,2018-12-31,2889,610,65,4151,671,631,108
CXO,2017,2017-12-31,408,147.956,1.11707,1005,2178,-146,956,558,2017-12-31,881,323,59,2586,443,1173,22
CXO,2016,2016-12-31,320,134.755,-3.76832,-2130,1315,-204,-1462,-1462,2016-12-31,-2338,-876,77,1635,357,3445,-4
CXO,2015,2015-12-31,541.359,120.373,1.18562,327.214,1262.214,-215.384,65.9,65.9,2015-12-31,97.271,31.371,58.847,1803.573,230.734,934.9999999999999,-14.559
CXO,2014,2014-12-31,538.374,109.132,7.53159,1080.437,2121.773,-216.661,538.175,538.175,2014-12-31,855.96,317.785,284.821,2660.147,204.161,1041.336,-3.5
CXO,2013,2013-12-31,455.4,103.9,2.89,588.8,1864.5,-218.6,251,238.9,2013-12-31,357.2,118.2,109.5,2319.9,169.8,1275.6999999999998,-13.1
CXO,2012,2012-12-31,343.7,104,3.93,850.6,1476.1,-182.7,431.7,408.2,2012-12-31,659.3,251,39.8,1819.8,133.8,625.5999999999999,-8.6
CXO,2011,2011-12-31,308,103.7,4.45,868.8,1432,-118.4,548.1,460.6,2011-12-31,746.5,285.8,11.8,1740,96.3,563.2,-4
CXO,2010,2010-12-31,170.8,93.8,2.03,376,801.8,-60.1,204.4,183,2010-12-31,305.7,122.6,10.3,972.6,65.1,425.7,-10.3
CXO,2009,2009-12-31,108.1,84.9,-0.02,-1.8,436.3,-28.3,-9.8,-9.8,2009-12-31,-30.5,-20.7,10.7,544.4,51.2,438.19999999999993,-0.4
CXO,2008,2008-12-31,91.2,80.6,3.6,468.4,442.6,-29,278.7,278.7,2008-12-31,440.8,162.1,38.5,533.8,43.7,-25.799999999999997,1.4
CXO,2007,2007-12-31,54.3,66.3,0.45,75.9,240.1,-36,25.4,25.4,2007-12-31,41.4,16,29.1,294.3,29.4,164.10000000000002,1.5
CXO,2006,2006-12-31,37.8,50.7,0.7,63.4,160.5,-30.6,19.7,19.7,2006-12-31,34,14.4,5.6,198.3,21.7,97.10000000000001,1.2
CXO,2005,2005-12-31,14.6,4.1,-0.42,6.3,40.3,-3.1,2,2,2005-12-31,4,2,2.7,54.9,11.3,34,0.8
CXO,2004,2004-12-31,0.7,1,-3.48,-3.5,2.9,-0.3,-2.7,-2.7,2004-12-31,-3.6,-0.9,1.9,3.6,4.2,6.3999999999999995,0.2
COP,2019,2019-12-31,17046,1123.536,5.15272,8747,15380,777,7189,7257,2019-12-31,9524,2267,602,32426,1509,6633,
COP,2018,2018-12-31,19466,1175.538,4.75788,9606,17072,367,6257,6295,2018-12-31,9973,3678,369,36538,1449,7466,
COP,2017,2017-12-31,17587,1221.038,0.95705,-2270,11971,-345,-855,-1645,2017-12-31,-2615,-970,938,29558,1370,14241,
COP,2016,2016-12-31,15822,1245.44,-3.01793,-4318,8325,-1212,-3615,-3559,2016-12-31,-5530,-1971,1915,24147,1462,12643,
COP,2015,2015-12-31,19241,1241.919,-2.69977,-7081,10215,-158,-4428,-4371,2015-12-31,-7239,-2868,4192,29456,1854,17296,
COP,2014,2014-12-31,30550,1246,4.83,7377,21816,2013,6869,5807,2014-12-31,9390,3583,2045,52366,2823,14439,
COP,2013,2013-12-31,30020,1240,6.22,12798,24923,1648,9156,8037,2013-12-31,14446,6409,1232,54943,3738,12125,
COP,2012,2012-12-31,32025,1253,5.1,14262,26411,1161,8428,7481,2012-12-31,15423,7942,1500,58436,4652,12149,
COP,2011,2011-12-31,210591,1387,7.19,19880,36342,3121,12436,12502,2011-12-31,23001,10499,1066,246933,6431,16678,
COP,2010,2010-12-31,160075,1491,2.04,17896,35260,1854,11358,11417,2010-12-31,19750,8333,1155,195335,5109,17551,
COP,2009,2009-12-31,126097,1498,3.37,8294,23535,1738,4858,4936,2009-12-31,10032,5096,1182,149632,4034,15468,
COP,2008,2008-12-31,195899,1523,3.58,-6791,46033,3198,-16998,-16998,2008-12-31,-3593,13405,1337,241932,7448,52824,
COP,2007,2007-12-31,150049,1646,8.79,19237,39359,4035,11891,11891,2007-12-31,23272,11381,1007,189408,5359,20122,
COP,2006,2006-12-31,145384,1610,9.89,25202,38951,3131,15550,15550,2006-12-31,28333,12783,834,184335,4591,13749,
COP,2005,2005-12-31,151843,1417,9.64,20635,28064,2912,13529,13640,2005-12-31,23547,9907,661,179907,2247,7429,
COP,2004,2004-12-31,115041,1401,5.85,13344,20340,1025,8129,8107,2004-12-31,14369,6262,703,135381,2128,6996,
COP,2003,2003-12-31,89311,1371,3.45,8575,15244,-238,4735,4593,2003-12-31,8337,3744,601,104555,2166,6669,
COP,2002,2002-12-31,49748,971,0.85,2493,7215,-329,-295,714,2002-12-31,2164,1450,592,56963,1660,4722,
COP,2001,2001-12-31,20481,590,2.81,3610,6346,-308,1661,1643,2001-12-31,3302,1659,306,26827,946,2736,
COP,2000,2000-12-31,14765,513,3.73,4082,6348,-313,1862,1862,2000-12-31,3769,1907,298,21113,636,2266,0
COP,1999,1999-12-31,10441,509,1.27,1396,3310,-211,609,609,1999-12-31,1185,576,225,13751,665,1914,0
COP,1998,1998-12-31,8957,520,0.46,500,2813,-125,237,237,1998-12-31,421,184,317,11770,641,2313,46
COP,1997,1997-12-31,11589,531,1.81,1891,3709,-72,959,959,1997-12-31,1900,941,242,15298,631,1818,81
COP,1996,1996-12-31,12238,531,2.46,1814,3565,-213,1303,1303,1996-12-31,2172,869,254,15803,509,1751,571
COP,1995,1995-12-31,10591,524,0.9,1202,2803,-138,469,469,1995-12-31,1064,595,198,13394,500,1601,
COP,1994,1994-12-31,9755,523,0.9,946,2456,-94,484,484,1994-12-31,852,368,226,12211,478,1510,
COP,1993,1993-12-31,10003,522,0.47,580,2306,-42,243,245,1993-12-31,538,293,256,12309,597,1726,
COP,1992,1992-12-31,9570,520,0.52,680,2363,-169,180,270,1992-12-31,511,241,252,11933,609,1683,
COP,1991,1991-12-31,10302,519,0.19,253,2302,198,258,98,1991-12-31,451,353,297,12604,562,2049,
COP,1990,1990-12-31,10521,498,1.09,1435,3082,-248,779,541,1990-12-31,1187,646,299,13603,540,1647,
COP,1989,1989-12-31,9275,487,0.45,1073,3109,-537,219,219,1989-12-31,536,317,413,12384,517,2036,
COP,1988,1988-12-31,8064,470,1.36,1617,3240,-502,650,650,1988-12-31,1115,465,316,11304,439,1623,
COP,1987,1987-12-31,8221,457,0.09,799,2500,-533,35,35,1987-12-31,266,231,366,10721,370,1701,
COP,1986,1986-12-31,7151,455,-0.06,1129,2637,-455,228,228,1986-12-31,674,446,459,9788,308,1508,
COP,1985,1985-12-31,11308,558,0.86,2313,4368,-682,418,418,1985-12-31,1631,1213,462,15676,419,2055,
COP,1984,1984-12-31,11360,925,0.91,2213,4167,-95,810,837,1984-12-31,2118,1281,573,15527,476,1954,
COP,1983,1983-12-31,11154,919,0.83,2436,4094,-86,721,760,1983-12-31,2350,1590,650,15248,435,1658,
ED,2019,2019-12-31,2426,329.5,4.07587,2676,,-779,1343,1440,2019-12-31,1736,296,,11712,,7472,-175
ED,2018,2018-12-31,2685,312.9,4.23703,2664,,-651,1382,1424,2018-12-31,1783,359,,11570,,6988,-242
ED,2017,2017-12-31,2409,308.8,4.09769,2774,,-607,1525,1266,2017-12-31,1997,731,,11340,,6850,-181
ED,2016,2016-12-31,2916,301.9,3.92862,2780,,-597,1245,1245,2016-12-31,1943,698,,10984,,6379,-250
ED,2015,2015-12-31,3468,294.4,4.05231,2427,,-594,1193,1193,2015-12-31,1798,605,,11170,,6659,-40
ED,2014,2014-12-31,4228,294,3.6136,2164,,-532,1092,1092,2014-12-31,1660,568,,11675,,6527,-19
ED,2013,2013-12-31,3734,294,3.61,2244,,-552,1062,1062,2013-12-31,1538,476,,11260,,6376,-158
ED,2012,2012-12-31,3577,295,3.86,2339,,-568,1141,1141,2012-12-31,1741,600,,10979,,6272,-34
ED,2011,2011-12-31,4589,294,3.57,2239,,-559,1062,1062,2011-12-31,1662,600,,11336,,6110,-29
ED,2010,2010-12-31,5274,286,3.47,2120,,-551,1003,1003,2010-12-31,1551,548,,11480,,5931,-33
ED,2009,2009-12-31,5739,276,3.14,1899,,-558,879,879,2009-12-31,1319,440,,10924,,5394,-36
ED,2008,2008-12-31,6921,274,2.76,1659,,-430,1207,933,2008-12-31,1457,524,,11415,,5003,-41
ED,2007,2007-12-31,6601,267,3.46,1847,,-412,940,936,2007-12-31,1373,437,,10821,,4672,-70
ED,2006,2006-12-31,5961,250,2.95,1667,,-441,748,749,2006-12-31,1156,407,,10106,,4509,-76
ED,2005,2005-12-31,5898,245,2.99,1522,,-411,730,743,2005-12-31,1107,364,,10095,,4270,-13
ED,2004,2004-12-31,4813,236,2.32,1223,,-384,548,560,2004-12-31,852,292,,8709,,3722,-12
ED,2003,2003-12-31,4773,222,2.81,1259,,-397,539,536,2003-12-31,861,325,,8892,,3795,-16
ED,2002,2002-12-31,3777,214,3.12,1458,,-383,658,681,2002-12-31,1079,398,,7859,,3247,-7
ED,2001,2001-12-31,4491,213,3.2,1592,,-388,696,696,2001-12-31,1160,465,,8858,,3551,-45
ED,2000,2000-12-31,4434,212,2.74,1334,,-356,596,596,2000-12-31,914,318,,8652,,3663,-65
ED,1999,1999-12-31,2309,224,3.13,1420,,-305,714,714,1999-12-31,1114,400,,7133,,3763,-5
ED,1998,1998-12-31,1691,235,3.03,1461,,-297,730,730,1998-12-31,1137,408,,6956,,3941,-29
ED,1997,1997-12-31,1829,235,2.95,1428,,-307,713,713,1997-12-31,1096,383,,7121,,3864,-30
ED,1996,1996-12-31,1691,235,2.93,1411,,-299,694,694,1996-12-31,1091,397,,6960,,3858,-23
ED,1995,1995-12-31,1108,235,2.93,1438,,-329,724,724,1995-12-31,1120,397,,6537,,3991,12
ED,1994,1994-12-31,341,235,2.98,1474,,-305,734,734,1994-12-31,1172,438,,6373,,4558,3
ED,1993,1993-12-31,290,234,2.66,1317,,-298,659,659,1993-12-31,1025,366,,6265,,4658,6
ED,1992,1992-12-31,245,231,2.46,1199,,-292,604,604,1992-12-31,922,318,,5933,,4489,15
ED,1991,1991-12-31,223,228,2.32,1095,,-290,567,567,1991-12-31,849,282,,5873,,4555,44
ED,1990,1990-12-31,254,228,2.34,1090,,-255,571,571,1990-12-31,861,289,,5739,,4395,26
ED,1989,1989-12-31,289,228,2.49,1080,,-236,606,606,1989-12-31,902,296,,5551,,4182,58
ED,1988,1988-12-31,223,228,2.46,1064,,-212,599,599,1988-12-31,891,291,,5109,,3821,39
ED,1987,1987-12-31,241,232,2.21,1080,,-207,550,550,1987-12-31,906,356,,5094,,3773,34
ED,1986,1986-12-31,308,239,2.13,1138,,-196,546,546,1986-12-31,975,428,,5198,,3751,33
ED,1985,1985-12-31,388,247,2.13,1108,,-186,564,564,1985-12-31,956,393,,5498,,4002,35
ED,1984,1984-12-31,382,260,2.24,1156,,-180,620,620,1984-12-31,1025,405,,5729,,4191,49
ED,1983,1983-12-31,399,258,2.08,1119,,-178,576,576,1983-12-31,966,390,,5516,,3998,26
STZ,2020,2020-02-29,4191.6,191.642,1.37483,2152.1,4151.9,-3097.3,-11.8,21.4,2020-02-29,-945.2,-966.6,,8343.5,1574,1999.7999999999993,
STZ,2019,2019-02-28,4035.7,195.532,17.95812,2410.5,4080.3,1734.5,3435.9,3421.5,2019-02-28,4145,723.5,,8116,1482.1,1669.8000000000002,
STZ,2018,2018-02-28,3767.8,200.745,10.52247,2182.8,3812.5,155.2,2303.4,1952.3,2018-02-28,2338,385.7,,7580.3,1440.3,1629.6999999999998,
STZ,2017,2017-02-28,3802.1,204.099,6.7335,2389,3519,-306,1528.6,1532.7,2017-02-28,2083,550.3,,7321.1,1311,1130.0000000000005,
STZ,2016,2016-02-29,3537.4,203.821,5.52779,1764,3011,-262.8,1054.9,1060.6,2016-02-29,1501.2,440.6,,6548.4,1124.3,1246.9999999999995,
STZ,2015,2015-02-28,3389.9,224.621,4.01171,1495.8,2638.1,-316.2,839.3,836.2,2015-02-28,1179.6,343.4,,6028,1052.7,1142.2999999999997,
STZ,2014,2014-02-28,2860,221,10.28,2437.7,2007.7,-235.4,1943.1,1943.1,2014-02-28,2202.3,259.2,,4867.7,836.2,-430,
STZ,2013,2013-02-28,1687.8,213.8,1.91,510.4,1108.3,6,387.8,387.8,2013-02-28,516.4,128.6,,2796.1,571.5,597.8999999999999,
STZ,2012,2012-02-29,1590.3,232.2,2.11,486.5,1064,47.5,445,445,2012-02-29,534,89,,2654.3,524,577.5000000000002,
STZ,2011,2011-02-28,2137.2,237.5,2.67,502.5,1194.8,48.5,559.5,559.5,2011-02-28,551,-8.5,,3332,661.1,692.3000000000002,
STZ,2010,2010-02-28,2220,244.9,0.81,310.8,1144.8,-51.5,99.3,99.3,2010-02-28,259.3,160,,3364.8,682.3,834,
STZ,2009,2009-02-28,2424.6,217.7,-0.26,23,1230,-129.8,-301.4,-301.4,2009-02-28,-106.8,194.6,,3654.6,830.4,1207,
STZ,2008,2008-02-29,2491.5,218.9,-0.33,-356.7,1281.5,-83.9,-613.3,-613.3,2008-02-29,-440.6,172.7,,3773,807.3,1638.1999999999998,
STZ,2007,2007-02-28,3692.5,239.8,1.53,699,1523.9,-163.7,331.9,331.9,2007-02-28,535.3,203.4,,5216.4,768.8,824.8999999999996,
STZ,2006,2006-02-28,3278.9,262.6,1.36,666.1,1324.6,-188.9,325.3,325.3,2006-02-28,477.3,152,,4603.4,612.4,658.4000000000001,
STZ,2005,2005-02-28,2947,233.1,1.23,567.9,1140.6,-135.9,276.5,276.5,2005-02-28,432,155.5,,4087.6,555.7,572.6999999999998,
STZ,2004,2004-02-29,2576.6,213.9,1.12,487.4,975.8,-143,220.4,220.4,2004-02-29,344.4,124,,3552.4,457.3,488.5,
STZ,2003,2003-02-28,1970.9,185.5,1.11,405,760.7,-70,203.3,203.3,2003-02-28,334.9,131.6,,2731.6,351,355.7999999999997,
STZ,2002,2002-02-28,1901.5,175.7,0.79,342.5,919,-112.5,136.4,138,2002-02-28,230,92,,2820.5,576.6,576.5,
STZ,2001,2001-02-28,1639.2,149.5,0.65,270.9,757.5,-108.6,97.3,97.3,2001-02-28,162.2,64.9,,2396.7,486.6,486.60000000000014,
STZ,2000,2000-02-29,1618,148,0.55,235,722.5,-106.1,77.4,77.4,2000-02-29,129,51.6,,2340.5,481.9,487.4000000000001,
STZ,1999,1999-02-28,1049.3,150,0.42,145.9,448,-41.5,50.5,61.9,1999-02-28,104.4,42.5,,1497.3,299.5,302.20000000000005,
STZ,1998,1998-02-28,864.1,152.8,0.33,117.1,348.7,-32.2,50.1,50.1,1998-02-28,84.9,34.8,,1212.8,231.7,231.60000000000002,
STZ,1997,1997-02-28,844.2,156.2,0.18,81.8,290.8,-34.1,27.7,27.7,1997-02-28,47.8,20.1,,1135,209,209,
STZ,1996,1996-02-29,396.2,158.5,0.03,24,138.8,-17.3,3.3,3.3,1996-02-29,6.7,3.4,,535,112.4,114.80000000000001,
STZ,1995,1995-08-31,653.8,152,0.28,91.3,252.7,-24.6,41,41,1995-08-31,66.7,25.7,,906.5,159.2,161.4000000000001,
STZ,1994,1994-08-31,447.2,131.2,0.21,37,182.4,-18.1,11.7,11.7,1994-08-31,18.9,7.2,,629.6,121.4,145.40000000000003,
STZ,1993,1993-08-31,214.9,121.6,0.15,31.4,91.4,-6.1,15.6,15.6,1993-08-31,25.3,9.7,,306.3,60,59.99999999999997,
STZ,1992,1992-08-31,174.7,110.6,0.13,24.1,70.6,-6.2,11.4,11.4,1992-08-31,17.9,6.5,,245.2,46.5,46.5,
STZ,1991,1991-08-31,131.1,73.6,0.1,15.3,45.5,-3.6,7.7,7.7,1991-08-31,11.7,4,,176.6,30.2,30.099999999999994,
STZ,1990,1990-08-31,136.2,77.1,0.06,10.3,43.6,-3.8,4.4,4.4,1990-08-31,6.4,2,,179.8,33.4,33.400000000000006,
STZ,1989,1989-08-31,123.6,81.4,0.03,7.5,40.7,-4.3,2.4,2.4,1989-08-31,3.2,0.9,,164.3,33.2,33.099999999999994,
STZ,1988,1988-08-31,120.9,86.3,-0.06,-4.4,42.7,-4.4,-4.1,-5.1,1988-08-31,-8.8,-3.7,,163.6,47.1,47.099999999999994,
STZ,1987,1987-08-31,116.7,86.3,-0.11,-15.8,54.7,-3.4,-9.7,-9.7,1987-08-31,-19.2,-9.4,,171.3,70.4,70.39999999999999,
STZ,1986,1986-08-31,110.7,86.3,0.12,19.9,62.8,-0.7,10.6,10.6,1986-08-31,19.3,8.6,,173.5,42.8,42.89999999999999,
STZ,1985,1985-08-31,88.2,86.3,0.11,17.7,45.4,-0.6,9.5,9.5,1985-08-31,17.1,7.6,,133.6,27.7,27.700000000000003,
STZ,1984,1984-08-31,62.9,86.3,0.07,10.9,26.8,-0.3,6.2,6.2,1984-08-31,10.7,4.5,,89.7,15.9,15.899999999999999,
STZ,1983,1983-08-31,54.9,86.3,0.08,13.1,23.6,-0.2,7.1,7.1,1983-08-31,12.9,5.8,,78.5,10.5,10.500000000000007,
CPRT,2020,2020-07-31,1190.081,238.656,2.9327,816.099,1015.502,-18.871,699.907,699.907,2020-07-31,800.839,100.932,,2205.583,171.471,199.40300000000002,3.611
CPRT,2019,2019-07-31,1141.815,240.453,2.46532,716.475,900.142,-17.585,591.693,592.793,2019-07-31,704.951,112.158,,2041.957,157.064,183.66699999999992,6.061
CPRT,2018,2018-07-31,1043.329,241.877,1.76463,584.345,762.366,-19.075,417.867,426.107,2018-07-31,562.511,136.404,,1805.695,155.522,178.02099999999996,-2.759
CPRT,2017,2017-07-31,815.953,237.019,1.74365,461.299,632.028,-22.373,394.227,394.261,2017-07-31,440.1,45.839,,1447.981,132.419,170.72900000000004,1.174
CPRT,2016,2016-07-31,723.863,244.294,1.1067,406.47,544.586,-22.157,270.36,270.36,2016-07-31,395.865,125.505,,1268.449,123.199,138.11599999999999,11.552
CPRT,2015,2015-07-31,662.678,262.85,0.83764,344.401,483.401,-17.304,219.783,219.783,2015-07-31,332.069,112.286,,1146.079,126.71,139,4.972
CPRT,2014,2014-07-31,694.9,262.5,0.77,274.9,468.5,-8.3,178.7,178.7,2014-07-31,270,91.3,,1163.5,141.9,193.70000000000005,3.4
CPRT,2013,2013-07-31,625.3,259.6,0.7,283,421.1,-9.6,180,180,2013-07-31,276.9,96.8,,1046.4,120.2,138.10000000000002,3.5
CPRT,2012,2012-07-31,514.6,262.9,0.72,286.4,409.6,-11,182.1,182.1,2012-07-31,278.1,95.9,,924.2,97.2,123.19999999999993,2.7
CPRT,2011,2011-07-31,499.4,306.7,0.54,265.3,372.9,-3.6,166.4,166.4,2011-07-31,263.9,97.5,,872.2,98.9,107.60000000000002,2.2
CPRT,2010,2010-07-31,424.9,340.1,0.45,239.1,348,0,151.6,151.6,2010-07-31,239.5,87.9,,772.9,100.6,108.89999999999998,0.4
CPRT,2009,2009-07-31,430.8,339.7,0.41,225.3,312.3,1.4,141.1,139.5,2009-07-31,227.7,88.2,,743.1,77.9,86.99999999999994,1
CPRT,2008,2008-07-31,462.6,359.4,0.44,237.9,322.3,7.6,156.9,156.9,2008-07-31,249.7,92.7,,784.8,84.3,84.29999999999995,4.2
CPRT,2007,2007-07-31,293.9,373.8,0.36,203.1,266.8,11.4,136.3,136.3,2007-07-31,217.4,81.1,,560.7,63.6,63.60000000000002,2.8
CPRT,2006,2006-07-31,298,371.7,0.3,171.6,230.5,1.3,96.9,112.7,2006-07-31,174.5,61.9,,528.6,59,59,1.6
CPRT,2005,2005-07-31,253.3,371.9,0.27,156.9,203.8,4.9,102.1,102.1,2005-07-31,165.1,63,,457.1,47,47,3.4
CPRT,2004,2004-07-31,208.8,366.1,0.21,124.8,192,1.5,79.2,79.2,2004-07-31,130.3,51.1,,400.8,36.5,67.19999999999999,2.7
CPRT,2003,2003-07-31,202.4,372.1,0.15,90.8,145,1.6,57.2,57.2,2003-07-31,94.2,36.9,,347.4,28.7,54.29999999999998,1.5
CPRT,2002,2002-07-31,187,365,0.16,89.9,129.5,1.8,57.4,57.4,2002-07-31,93.7,36.3,,316.5,23.3,39.5,1.9
CPRT,2001,2001-07-31,152.1,338.5,0.13,68.1,101.8,1,42.7,42.7,2001-07-31,71,28.4,,253.9,19.4,33.70000000000002,1.9
CPRT,2000,2000-07-31,116.7,334.8,0.09,46.2,73.3,1.1,29.4,29.4,2000-07-31,48,18.5,,190,15.7,27.10000000000001,0.7
CPRT,1999,1999-07-31,86.5,330.8,0.07,33.4,55.3,1.1,22,22,1999-07-31,35.1,13.2,,141.8,12.1,21.900000000000006,0.7
CPRT,1998,1998-07-31,71.5,322.8,0.05,23.5,42.7,1.1,15.2,15.2,1998-07-31,24.9,9.7,,114.2,11.3,19.200000000000003,0.3
CPRT,1997,1997-07-31,89.4,318.2,0.04,18.9,36.9,0.2,12,12,1997-07-31,19.5,7.5,,126.3,10.6,18,0.4
CPRT,1996,1996-07-31,83.5,317.2,0.04,17.8,34.7,0.2,11.2,11.2,1996-07-31,18.2,7,,118.2,10.9,16.900000000000006,0.2
CPRT,1995,1995-07-31,37.8,254.7,0.03,11.3,20.4,0.1,6.9,6.9,1995-07-31,11.4,4.5,,58.1,5.7,9.100000000000001,0.1
CPRT,1994,1994-07-31,14.7,175.3,0.01,4.1,8,-0.7,0.6,2.2,1994-07-31,3.7,1.5,,22.8,2.4,4,0.3
CPRT,1993,1993-07-31,7,162.7,0,1.4,3.5,-0.8,0.5,0.5,1993-07-31,0.7,0.2,,10.4,1.1,2,0.1
CPRT,1992,1992-07-31,4.3,162.7,0,0.8,1.9,-0.1,0.5,0.5,1992-07-31,0.9,0.4,,6.2,0.6,1.1000000000000005,0.1
GLW,2019,2019-12-31,7468,899,1.49388,1306,4035,86,960,960,2019-12-31,1216,256,1031,11503,1585,2729,-176
GLW,2018,2018-12-31,6829,941,1.27205,1575,4461,144,1066,1066,2018-12-31,1503,437,993,11290,1781,2886,-216
GLW,2017,2017-12-31,6096,895,-0.58279,1608,4020,114,-497,-408.6,2017-12-31,1657,2065.6,864,10116,1473,2412,-65
GLW,2016,2016-12-31,5644,1144,3.27365,1391,3746,-291,3695,3695,2016-12-31,3692,-3,742,9390,1472,2355,2592
GLW,2015,2015-12-31,5458,1343,0.98696,1322,3653,265,1339,1339,2015-12-31,1486,147,769,9111,1523,2331,-101
GLW,2014,2014-12-31,5663,1427,1.73,2005,4052,2932,2472,2472,2014-12-31,3568,1096,815,9715,1211,2047,-1369
GLW,2013,2013-12-31,4495,1462,1.39,1371,3324,1557,1961,1961,2013-12-31,2473,512,710,7819,1126,1953,-455
GLW,2012,2012-12-31,4615,1506,1.24,1295,3397,896,1728,1728,2012-12-31,2117,389,745,8012,1165,2102,-74
GLW,2011,2011-12-31,4324,1583,1.83,1694,3566,1361,2805,2805,2011-12-31,3213,408,671,7890,1033,1872,158
GLW,2010,2010-12-31,3583,1581,2.05,1771,3049,1838,3558,3558,2010-12-31,3845,287,603,6632,1015,1278,236
GLW,2009,2009-12-31,3302,1568,1.38,391,2093,1310,2010,2010,2009-12-31,1936,-74,563,5395,881,1702,235
GLW,2008,2008-12-31,3210,1584,3.19,1520,2738,-139,5257,3928,2008-12-31,1523,-2405,627,5948,901,1218,156
GLW,2007,2007-12-31,3111,1603,1.44,1066,2749,86,2150,1211,2007-12-31,1291,80,565,5860,912,1683,120
GLW,2006,2006-12-31,2891,1594,1.2,835,2283,68,1855,906,2006-12-31,961,55,517,5174,857,1448,58
GLW,2005,2005-12-31,2595,1535,0.47,576,1984,-47,585,-19,2005-12-31,559,578,443,4579,756,1408,30
GLW,2004,2004-12-31,2439,1386,-0.72,-1489,1415,-116,-2165,-2611,2004-12-31,-1580,1031,355,3854,653,2904,25
GLW,2003,2003-12-31,2241,1274,0.08,-636,849,-122,-223,-505,2003-12-31,-759,-254,344,3090,599,1485,-1
GLW,2002,2002-12-31,2562,1030,-0.65,-2544,602,-138,-1302,-1994,2002-12-31,-2720,-726,483,3164,716,3146,-38
GLW,2001,2001-12-31,4380,933,-1.52,-6000,1892,-85,-5498,-5659,2001-12-31,-6111,-452,631,6272,1097,7892,-26
GLW,2000,2000-12-31,4131,879,0.96,701,2996,33,422,284,2000-12-31,691,407,540,7127,1047,2295,-49
GLW,1999,1999-12-31,2930,795,0.66,777,1811,-93,518,468,1999-12-31,675,207,378,4741,667,1075,-39
GLW,1998,1998-12-31,2154,732,0.53,512,1330,-57,408,307,1998-12-31,440,133,294,3484,488,866,-56
GLW,1997,1997-12-31,2406,736,0.65,801,1684,-85,454,451,1997-12-31,678,227,251,4090,671,922,-38
GLW,1996,1996-12-31,2259,719,0.52,595,1393,-69,189,324,1996-12-31,487,163,191,3652,640,831,-38
GLW,1995,1995-12-31,3386,680,0.11,620,1927,-118,-37,311,1995-12-31,466,155,180,5313,1094,1340,-36
GLW,1994,1995-01-01,3061,642,0.62,607,1710,-110,287,289,1995-01-01,460,170,177,4771,872,1131,-38
GLW,1993,1994-01-02,2597,576,0.25,254,1408,-58,-15,121,1994-01-02,157,35,173,4005,774,1154,-39
GLW,1992,1993-01-03,2411,566,0.55,391,1297,-27,-13,244,1993-01-03,337,93,151,3709,692,907,-27
GLW,1991,1991-12-29,2122,559,0.55,384,1138,-31,317,217,1991-12-29,327,111,131,3259,623,753,-35
GLW,1990,1990-12-31,1926,561,0.44,309,1015,-14,292,192,1990-12-31,328,136,125,2941,582,706,-36
GLW,1989,1989-12-31,1601,558,0.41,183,838,-15,261,137,1989-12-31,254,117,110,2439,492,656,-21
GLW,1988,1989-01-01,1405,540,0.41,151,716,-10,211,167,1989-01-01,271,103,95,2122,439,566,-19
GLW,1987,1988-01-03,1415,554,0.32,140,669,-11,208,90,1988-01-03,146,55,100,2084,429,529,-1
GLW,1986,1986-12-28,1220,548,0.29,58,636,-8,177,85,1986-12-28,138,53,104,1856,365,578,-24
GLW,1985,1985-12-29,1110,536,0.34,50,580,-12,133,36,1985-12-29,41,5,88,1691,356,531,-3
GLW,1984,1984-12-30,1173,507,0.18,89,560,-17,100,35,1984-12-30,54,18,94,1733,376,470,-19
GLW,1983,1984-01-01,1064,506,0.18,68,526,-15,92,57,1984-01-01,71,14,89,1589,368,457,17
CTVA,2019,2019-12-31,8575,749.5,0.40927,-331,5271,-185,-959,-270,2019-12-31,-316,-46,1147,13846,3065,5602,200
CTVA,2018,2018-12-31,9948,749.4,-3.68155,-6656,4339,-379,-5065,-6775,2018-12-31,-6806,-31,1355,14287,3041,10995,229
CTVA,2017,2017-12-31,8292,748.815,4.20404,588,5799,-74,2526,2561,2017-12-31,-385,-2946,1509,14091,2944,5211,-899
CTVA,2016,2016-12-31,8283,748.815,1.07557,422,5613,-101,496,521,2016-12-31,248,-273,1507,13896,2910,5191,-73
COST,2020,2020-08-30,144831,443.901,10.16043,5435,21930,-64,4002,4059,2020-08-30,5367,1308,,166761,15792,16495,-4
COST,2019,2019-09-01,132886,442.923,7.98333,4737,19817,3,3659,3581,2019-09-01,4765,1184,,152703,15080,15080,25
COST,2018,2018-09-02,123152,441.834,7.13616,4480,18424,-61,3134,3198,2018-09-02,4442,1244,,141576,13944,13944,23
COST,2017,2017-09-03,111882,440.937,6.0757,4111,17143,-89,2679,2714,2017-09-03,4039,1325,,129025,13032,13032,17
COST,2016,2016-08-28,102901,441.263,5.32562,3672,15818,-64,2350,2376,2016-08-28,3619,1243,,118719,12146,12146,11
COST,2015,2015-08-30,101065,442.716,5.36913,3624,15134,-27,2377,2409,2015-08-30,3604,1195,,116199,11510,11510,7
COST,2014,2014-08-31,98458,442,4.65,3220,14182,-35,2058,2088,2014-08-31,3197,1109,,112640,10962,10962,12
COST,2013,2013-09-01,91948,441,4.63,3053,13208,-16,2039,2061,2013-09-01,3051,990,,105156,10155,10155,14
COST,2012,2012-09-02,86823,439,3.89,2759,12314,8,1709,1767,2012-09-02,2767,1000,,99137,9555,9555,
COST,2011,2011-08-28,77739,443,3.31,2439,11176,-56,1462,1542,2011-08-28,2383,841,,88915,8728,8737,
COST,2010,2010-08-29,67995,446,2.94,2077,9951,-23,1303,1323,2010-08-29,2054,731,,77946,7866,7874,
COST,2009,2009-08-30,62335,440,2.47,1777,9087,-63,1086,1086,2009-08-30,1714,628,,71422,7310,7310,
COST,2008,2008-08-31,63503,444,2.89,1969,8980,30,1283,1283,2008-08-31,1999,716,,72483,7011,7011,
COST,2007,2007-09-02,56450,458,2.39,1609,7950,101,1083,1083,2007-09-02,1710,627,,64400,6328,6342,
COST,2006,2006-09-03,52745,480,2.31,1626,7406,126,1103,1103,2006-09-03,1751,648,,60151,5775,5781,
COST,2005,2005-08-28,46347,492,2.2,1474,6588,75,1063,1063,2005-08-28,1549,486,,52935,5098,5114,
COST,2004,2004-08-29,42092,482,1.85,1386,6015,15,882,882,2004-08-29,1401,518,,48107,4628,4629,
COST,2003,2003-08-31,37235,479,1.55,1157,5310,2,721,721,2003-08-31,1158,437,,42546,4134,4154,
COST,2002,2002-09-01,33983,479,1.51,1132,4779,7,700,700,2002-09-01,1138,438,,38762,3627,3648,
COST,2001,2001-09-02,30598,476,1.31,992,4199,11,602,602,2001-09-02,1003,401,,34797,3189,3207,
COST,2000,2000-09-03,28322,476,1.36,1037,3842,15,631,631,2000-09-03,1052,421,,32164,2798,2805,
COST,1999,1999-08-29,24170,471,1.19,860,3286,-1,397,515,1999-08-29,859,344,,27456,2369,2426,
COST,1998,1998-08-30,21380,463,1.02,787,2890,-21,460,460,1998-08-30,766,307,,24270,2097,2103,
COST,1997,1997-08-31,19314,449,0.83,581,2560,-60,312,312,1997-08-31,520,208,,21874,1904,1980,
COST,1996,1996-09-01,17345,436,0.62,491,2221,-67,249,249,1996-09-01,423,175,,19566,1720,1731,
COST,1995,1995-09-03,16226,448,0.54,433,2021,-65,134,217,1995-09-03,368,151,,18247,1581,1588,
COST,1994,1994-08-28,14663,439,0.41,240,1818,-37,-112,111,1994-08-28,204,93,,16481,1450,1578,
COST,1993,1993-08-29,13732,455,0.5,399,1766,-28,223,223,1993-08-29,370,147,,15498,1362,1367,
COST,1992,1992-08-30,5898,480,0.24,184,723,2,113,113,1992-08-30,186,72,,6621,538,539,
COST,1991,1991-09-01,4738,452,0.19,136,567,5,85,85,1991-09-01,141,57,,5305,429,431,
COST,1990,1990-08-31,8516,439,0.41,167,903,120,175,175,1990-08-31,287,112,,9419,737,737,
COST,1989,1989-08-31,7168,396,0.38,127,733,109,144,144,1989-08-31,235,91,,7901,606,606,
COST,1988,1988-08-31,5527,363,0.29,91,557,83,109,106,1988-08-31,174,68,,6083,466,466,
COST,1987,1987-08-31,4201,362,0.21,69,436,76,78,77,1987-08-31,145,68,,4637,367,367,
COST,1986,1986-08-31,3043,337,0.19,49,310,71,64,62,1986-08-31,121,58,,3353,260,260,
COTY,2020,2020-06-30,1976.7,759.1,-0.70782,-1236.5,2741.1,-242.7,-1006.7,-1089.9,2020-06-30,-1467.6,-377.7,93.4,4717.8,2784.8,3977.6000000000004,11.6
COTY,2019,2019-06-30,2489.1,751.2,-1.79589,-3688.4,3798.8,-225.2,-3784.2,-3890.6,2019-06-30,-3945.4,-54.8,98.5,6287.9,3209.5,7487.199999999999,-31.8
COTY,2018,2018-06-30,2667.7,749.7,-0.0458,-166.2,4174.1,-200.6,-168.8,-239.3,2018-06-30,-394.5,-155.2,108.1,6841.8,3533.4,4340.3,-27.7
COTY,2017,2017-06-30,3011.9,642.8,0.64855,-437.8,4638.4,-218.6,-422.2,-398.5,2017-06-30,-658,-259.5,139.2,7650.3,3388.5,5076.200000000001,-1.6
COTY,2016,2016-06-30,1746,354.2,1.45577,251.1,2603.1,-81.9,156.9,179.2,2016-06-30,138.8,-40.4,47.7,4349.1,1607.9,2352,-30.4
COTY,2015,2015-06-30,1757,362.9,1.22458,306.3,2638.2,-73,232.5,259.4,2015-06-30,233.3,-26.1,47.5,4395.2,1813.9,2331.9,0
COTY,2014,2014-06-30,1865.7,381.7,0.51,25.7,2685.9,-68.5,-97.4,-64.2,2014-06-30,-44.1,20.1,46.5,4551.6,2079.8,2660.2,-1.3
COTY,2013,2013-06-30,1860.3,396.4,0.57,394.4,2788.8,-75.9,168,201.9,2013-06-30,318.7,116.8,44.6,4649.1,2170.9,2394.3999999999996,0.2
COTY,2012,2012-06-30,1824,373,0.25,-209.5,2787.3,-82.6,-324.4,-293.3,2012-06-30,-331.1,-37.8,40.3,4611.3,2214.3,2996.8,-39
COTY,2011,2011-06-30,1640,339.1,0.26,280.9,2446.1,-95.1,61.7,89.9,2011-06-30,185,95.1,36.7,4086.1,1948.2,2165.2,-0.8
COTY,2010,2010-06-30,1473.2,280.2,0.33,184.5,2009.7,-65.5,61.7,87.3,2010-06-30,119.7,32.4,32.4,3482.9,1644.5,1825.2,0.7
COTY,2009,2009-06-30,1521.4,280.2,0.51,241.4,1857.9,-60.4,101.7,125.8,2009-06-30,182.1,56.3,35.9,3379.3,1413.1,1616.5,1.1
COTY,2008,2008-06-30,,280.2,,,,-77.7,,,2008-06-30,178.5,32.8,,3821.5,,,16.6
CCI,2019,2019-12-31,1986,418,1.86648,1557,3777,-677,860,860,2019-12-31,881,21,,5763,614,2220,1
CCI,2018,2018-12-31,1844,415,1.59828,1277,3526,-637,622,622,2018-12-31,641,19,,5370,563,2249,1
CCI,2017,2017-12-31,1543,383,1.05143,963,2712,-570,366,381,2017-12-31,392,11,,4255,426,1749,-1
CCI,2016,2016-12-31,1440.521,340.879,1.2423,896.925,2480.704,-514.236,356.973,356.973,2016-12-31,373.854,16.881,,3921.225,371.031,1583.7790000000002,-8.835
CCI,2015,2015-12-31,1321.426,334.062,1.54446,942.023,2342.425,-526.251,1520.992,525.286,2015-12-31,473.829,-51.457,,3663.851,310.921,1400.402,58.057
CCI,2014,2014-12-31,1306.606,333.265,1.08859,896.053,2232.15,-576.604,390.513,346.314,2014-12-31,335.07,-11.244,,3538.756,257.296,1336.097,15.621
CCI,2013,2013-12-31,1046.8,299.3,0.43,884.7,1975.6,-588.3,90.1,93.9,2013-12-31,292.5,198.6,,3022.4,238.7,1090.8999999999999,-3.9
CCI,2012,2012-12-31,729,291.3,1.01,702.7,1703.7,-596.5,188.6,200.9,2012-12-31,100.8,-100.1,,2432.7,212.6,1001,-5.4
CCI,2011,2011-12-31,588.4,285.9,0.6,692.3,1444.3,-506.9,171.1,171.5,2011-12-31,179.8,8.3,,2032.7,173.5,752.0000000000001,-5.6
CCI,2010,2010-12-31,581.4,286.8,-0.81,437,1297.3,-774.5,-310.9,-311.3,2010-12-31,-338.1,-26.8,,1878.7,165.4,860.3000000000001,-0.6
CCI,2009,2009-12-31,549.4,286.6,-0.22,342.9,1136,-535.9,-114.3,-114.1,2009-12-31,-190.5,-76.4,,1685.4,153.1,793.1,2.4
CCI,2008,2008-12-31,538.6,282,-0.07,236.7,987.9,-389.9,-48.9,-48.9,2008-12-31,-153.2,-104.4,,1526.5,149.6,751.1999999999999,
CCI,2007,2007-12-31,509.1,279.9,-0.48,23.9,876.4,-340.9,-222.8,-223,2007-12-31,-317,-94,,1385.5,142.8,852.4999999999999,
CCI,2006,2006-12-31,273,207.2,-0.3,115.6,515.3,-164,-41.9,-49.2,2006-12-31,-48.4,0.8,,788.2,104.5,399.6,
CCI,2005,2005-12-31,252,217.8,-2,22.6,424.8,-416.2,-401.5,-396.9,2005-12-31,-393.7,3.2,,676.8,109.7,402.20000000000005,
CCI,2004,2004-12-31,230.9,221.7,-1.53,-27.2,373,-285.3,235.1,-307.1,2004-12-31,-312.5,-5.4,,603.9,107.6,400.20000000000005,
CCI,2003,2003-12-31,417.8,216.9,-2.03,51.7,512.6,-438.1,-398.4,-393.9,2003-12-31,-386.4,7.5,,930.3,121.1,460.8,
CCI,2002,2002-12-31,446.2,218,-1.18,52.5,455.3,-315.3,-272.5,-275,2002-12-31,-262.7,12.3,,901.5,107.1,402.8,
CCI,2001,2001-12-31,467.2,214.2,-1.94,-62.1,431.7,-288.9,-366.2,-367.5,2001-12-31,-351,16.5,,899,121,493.90000000000003,
CCI,2000,2000-12-31,314.6,178.6,-1.47,5.2,334.6,-207.5,-204.8,-202.6,2000-12-31,-202.3,0.2,,649.2,90.6,329.4,
CCI,1999,1999-12-31,156.7,131.5,-0.91,1.9,189,-93.2,-96.8,-91.6,1999-12-31,-91.3,0.3,,345.8,51.4,187.2,
CCI,1998,1998-12-31,47.8,42.5,-1.02,-12.9,65.3,-22.8,-37.8,-36.1,1998-12-31,-35.7,0.4,,113.1,41,78.2,
CCI,1997,1997-12-31,15.4,6.2,-2.27,-3.5,16.1,-8.4,-11.9,-11.9,1997-12-31,-11.9,0,,31.4,12.6,19.5,
CCI,1996,1996-12-31,1.3,3.5,-0.27,0.7,4.9,-1.6,-1,-1,1996-12-31,-0.9,0,,6.2,3,4.2,
CCI,1995,1995-12-31,1.2,3.3,-0.01,1.1,2.8,-1.1,0,0,1995-12-31,0,0,,4.1,0.9,1.8,
CSX,2019,2019-12-31,2690,798,4.17419,4965,9247,-689,3331,3331,2019-12-31,4316,985,,11937,3024,4282,40
CSX,2018,2018-12-31,3013,861,3.84204,4869,9237,-607,3309,3309,2018-12-31,4304,995,,12250,3133,4368,42
CSX,2017,2017-12-31,2977,914,2.37118,3635,8431,-533,5471,1965,2017-12-31,3142,1177,,11408,3375,4796,40
CSX,2016,2016-12-30,2805,948,1.88282,3298,8264,-569,1714,1714,2016-12-30,2741,1027,,11069,3600,4966,12
CSX,2015,2015-12-25,3293,984,1.99898,3584,8518,-538,1968,1968,2015-12-25,3138,1170,,11811,3726,4934,92
CSX,2014,2014-12-26,4100,1002,1.92,3613,8569,-540,1927,1927,2014-12-26,3044,1117,,12669,3805,4956,-29
CSX,2013,2013-12-27,3931,1019,1.83,3473,8095,-554,1864,1864,2013-12-27,2922,1058,,12026,3518,4622,3
CSX,2012,2012-12-28,3828,1040,1.79,3457,7928,-561,1859,1859,2012-12-28,2964,1105,,11756,3412,4471,68
CSX,2011,2011-12-30,3897,1089,1.67,3418,7846,-547,1822,1822,2011-12-30,2888,1066,,11743,3452,4428,17
CSX,2010,2010-12-31,3287,1154,1.35,3071,7349,-551,1563,1563,2010-12-31,2546,983,,10636,3331,4278,26
CSX,2009,2009-12-25,2828,1187,0.97,2285,6213,-547,1152,1137,2009-12-25,1761,624,,9041,3020,3928,23
CSX,2008,2008-12-26,4203,1226,1.27,2592,7052,-482,1365,1365,2008-12-26,2146,781,,11255,3380,4460,36
CSX,2007,2007-12-28,3481,1345,0.9,2256,6549,-362,1336,1226,2007-12-28,1932,706,,10030,3437,4293,38
CSX,2006,2006-12-29,3302,1398,0.84,2138,6264,-372,1310,1310,2006-12-29,1841,531,,9566,3437,4126,49
CSX,2005,2005-12-30,2906,1368,0.53,1550,5712,-404,1145,720,2005-12-30,1036,316,,8618,3374,4162,-110
CSX,2004,2004-12-31,2914,1350,0.34,1000,5106,-430,339,418,2004-12-31,637,219,,8020,3332,4106,51
CSX,2003,2003-12-26,2870,1286,0.22,626,4795,-437,246,189,2003-12-26,265,76,,7665,3306,4297,76
CSX,2002,2002-12-27,2889,1281,0.36,1127,5288,-463,424,467,2002-12-27,723,256,,8177,3498,4136,59
CSX,2001,2001-12-28,2912,1274,0.26,957,5220,-537,293,293,2001-12-28,448,155,,8132,3568,4241,28
CSX,2000,2000-12-29,3271,1268,0.15,805,4943,-539,565,186,2000-12-29,277,91,,8214,3563,4115,11
CSX,1999,1999-12-31,4467,1276,0.29,608,6408,-470,2,51,1999-12-31,139,88,,10875,4682,5736,43
CSX,1998,1998-12-25,3913,1285,0.42,1160,6015,-308,537,537,1998-12-25,773,236,,9928,4242,4825,-40
CSX,1997,1997-12-26,4081,1325,0.59,1583,6575,-433,799,799,1997-12-26,1183,384,,10656,4337,4957,-1
CSX,1996,1996-12-27,4099,1282,0.67,1522,6473,-241,855,855,1996-12-27,1316,461,,10572,4304,4915,35
CSX,1995,1995-12-29,4043,1262,0.62,1172,6451,-166,618,618,1995-12-29,974,356,,10494,4432,5289,-32
CSX,1994,1994-12-30,8227,1256,0.52,1182,1182,-281,652,652,1994-12-30,1006,354,,9409,,0,105
CSX,1993,1993-12-31,7934,1247,0.33,913,1006,-298,359,359,1993-12-31,633,274,,8940,,93,18
CSX,1992,1992-12-31,7769,1235,0.38,266,965,-276,20,20,1992-12-31,-7,-27,,8734,,699,3
CSX,1991,1991-12-31,7782,1206,0.34,99,854,-306,-272,-76,1991-12-31,-113,-37,,8636,,755,94
CSX,1990,1990-12-31,7337,1179,0.33,815,868,-319,416,365,1990-12-31,537,172,,8205,,53,41
CSX,1989,1989-12-31,6876,1215,0.34,869,869,-343,452,427,1989-12-31,692,265,,7745,,0,166
CSX,1988,1988-12-31,6683,1757,0.25,171,909,-347,147,-38,1988-12-31,-60,-22,,7592,,738,116
CSX,1987,1987-12-31,7148,1858,0.23,895,895,-330,138,432,1987-12-31,682,250,,8043,,0,117
CSX,1986,1986-12-31,5474,1840,0.23,871,871,-281,418,418,1986-12-31,729,311,,6345,,0,139
CSX,1985,1985-12-31,6407,1813,0.28,-73,881,-230,-118,-118,1985-12-31,-263,-145,,7288,,954,40
CSX,1984,1984-12-31,,1771,0.26,1018,,-242,465,465,1984-12-31,809,344,,7934,,6916,33
CSX,1983,1983-12-31,5161,1573,0.17,626,626,-211,273,273,1983-12-31,434,161,,5787,,0,19
CMI,2019,2019-12-31,17591,156.1,15.21102,2700,5980,-24,2260,2268,2019-12-31,2834,566,332,23571,2454,3280,158
CMI,2018,2018-12-31,18034,162.77335,13.3104,2786,5737,-110,2141,2199,2018-12-31,2753,554,293,23771,2437,2951,77
CMI,2017,2017-12-31,15328,167.27087,10.59207,2334,5100,-64,999,1775,2017-12-31,2365,590,754,20428,2429,2766,95
CMI,2016,2016-12-31,13051,169.33662,8.9182,1880,4458,-21,1394,1456,2016-12-31,1930,474,637,17509,2099,2578,71
CMI,2015,2015-12-31,14163,178.40683,9.37155,2057,4947,-37,1399,1470,2015-12-31,2025,555,735,19110,2092,2890,5
CMI,2014,2014-12-31,14360,183,9.12,2365,4861,43,1651,1736,2014-12-31,2434,698,754,19221,2095,2496,26
CMI,2013,2013-12-31,12918,187,7.97,2101,4383,16,1483,1588,2013-12-31,2119,531,713,17301,1920,2282,2
CMI,2012,2012-12-31,12797,190,8.95,2254,4537,9,1645,1738,2012-12-31,2271,533,725,17334,1880,2283,8
CMI,2011,2011-12-31,13459,194,9.11,2681,4589,-17,1869,1967,2011-12-31,2692,725,629,18048,1837,1908,28
CMI,2010,2010-12-31,10058,197,5.23,1621,3168,-13,1040,1140,2010-12-31,1617,477,414,13226,1487,1547,9
CMI,2009,2009-12-31,8631,198,2.53,682,2169,-42,428,484,2009-12-31,640,156,362,10800,1239,1487,0
CMI,2008,2008-12-31,11402,197,3.97,1272,2940,-64,755,818,2008-12-31,1178,360,422,14342,1450,1668,-30
CMI,2007,2007-12-31,10492,200,3.62,1158,2556,6,739,788,2007-12-31,1169,381,329,13048,1296,1398,5
CMI,2006,2006-12-31,8767,203,3.55,1131,2595,-49,715,759,2006-12-31,1083,324,321,11362,1283,1464,1
CMI,2005,2005-12-31,7732,204,2.75,894,2186,-85,550,582,2005-12-31,798,216,278,9918,1145,1292,-11
CMI,2004,2004-12-31,6758,197,1.93,432,1680,,350,376,2004-12-31,432,56,241,8438,1015,1248,0
CMI,2003,2003-12-31,5173,158,0.36,91,1123,,61,79,2003-12-31,91,12,200,6296,830,1032,1
CMI,2002,2002-12-31,4808,155,0.5,78,1045,,103,116,2002-12-31,78,-38,201,5853,736,967,-8
CMI,2001,2001-12-31,4660,153,-0.07,-118,1021,,-91,-76,2001-12-31,-118,-42,220,5681,728,1139,-13
CMI,2000,2000-12-31,5338,153,0.74,3,1259,,8,22,2000-12-31,3,-19,244,6597,776,1256,-16
CMI,1999,1999-12-31,5221,155,1.33,221,1418,,160,166,1999-12-31,221,55,245,6639,781,1197,-3
CMI,1998,1998-12-31,4925,154,0.75,-6,1341,,-21,-10,1998-12-31,-6,4,255,6266,787,1347,-16
CMI,1997,1997-12-31,4345,155,1.31,286,1280,,212,212,1997-12-31,286,74,260,5625,744,994,-11
CMI,1996,1996-12-31,4072,160,1,214,1185,,160,160,1996-12-31,214,54,252,5257,725,971,-24
CMI,1995,1995-12-31,3974,163,1.85,177,1271,,224,224,1995-12-31,177,-47,263,5245,692,1094,
CMI,1994,1994-12-31,3551,166,1.53,294,1187,,253,253,1994-12-31,294,41,238,4737,641,893,
CMI,1993,1993-12-31,3211,153,1.19,205,1037,,177,183,1993-12-31,205,22,210,4248,579,832,
CMI,1992,1992-12-31,2907,131,0.44,76,843,,-191,68,1992-12-31,76,9,180,3749,533,766,
CMI,1991,1991-12-31,2777,118,-0.62,-46,629,,-14,-63,1991-12-31,-46,17,147,3406,472,674,
CMI,1990,1990-12-31,2857,99,-1.4,-142,605,,-138,-167,1990-12-31,-142,25,144,3462,488,747,
CMI,1989,1989-12-31,2857,84,-0.19,21,663,,-6,-2,1989-12-31,21,22,140,3520,468,642,
CMI,1988,1988-12-31,2670,86,-0.46,-47,640,,-63,-61,1988-12-31,-47,14,125,3310,455,687,
CMI,1987,1987-12-31,2071,86,0.07,34,696,,14,19,1987-12-31,34,16,149,2767,468,662,
CMI,1986,1986-12-31,1758,83,-0.25,-157,546,,-107,-104,1986-12-31,-157,-53,125,2304,416,703,
CMI,1985,1985-12-31,1538,77,1.08,61,609,,50,50,1985-12-31,61,11,0,2146,498,547,
CMI,1984,1984-12-31,1549,78,2.72,244,777,,188,188,1984-12-31,244,56,0,2326,484,532,
CMI,1983,1983-12-31,1123,74,0.36,-3,482,,4,5,1983-12-31,-3,-8,0,1605,416,485,
CVS,2019,2019-12-31,158719,1305,5.51501,11908,98057,-3035,6634,6631,2019-12-31,8997,2366,,256776,33061,86149,124
CVS,2018,2018-12-31,156447,1044,3.16078,4021,38132,-2619,-594,-696,2018-12-31,1406,2102,,194579,21368,34111,4
CVS,2017,2017-12-31,153448,1024,5.10383,9538,31338,-1062,6622,5131,2017-12-31,8268,3137,,184786,18809,21800,-208
CVS,2016,2016-12-31,146533,1079,5.2716,9743,31013,-1078,5317,5320,2016-12-31,8637,3317,,177546,18448,21270,-28
CVS,2015,2015-12-31,126762,1126,4.64298,9454,26528,-838,5237,5230,2015-12-31,8616,3386,,153290,17074,17074,
CVS,2014,2014-12-31,114000,1169,4.24,8278,25367,-600,4644,4645,2014-12-31,7678,3033,,139367,16568,17089,
CVS,2013,2013-12-31,102978,1226,3.75,8037,23783,-509,4592,4600,2013-12-31,7528,2928,,126761,15746,15746,
CVS,2012,2012-12-31,100627,1280,3.2,6880,22506,-557,3877,3882,2012-12-31,6323,2441,,123133,15278,15626,
CVS,2011,2011-12-31,86539,1347,2.59,6330,20561,-584,3461,3488,2011-12-31,5746,2258,,107100,,14231,
CVS,2010,2010-12-31,76156,1377,2.5,6165,20257,-536,3427,3439,2010-12-31,5629,2190,,96413,,14092,
CVS,2009,2009-12-31,78349,1450,2.56,6438,20380,-525,3696,3708,2009-12-31,5913,2205,,98729,,13942,
CVS,2008,2008-12-31,69182,1469,2.27,6046,18290,-510,3212,3344,2008-12-31,5537,2193,,87472,,12244,
CVS,2007,2007-12-29,60222,1372,1.92,4793,16108,-435,2637,2637,2007-12-29,4359,1722,,76330,,11314,
CVS,2006,2006-12-30,31875,853,1.6,2442,11939,-216,1369,1369,2006-12-30,2226,857,,43814,8764,9497,
CVS,2005,2005-12-31,27105,842,1.45,2020,9901,-111,1225,1225,2005-12-31,1909,684,,37006,7293,7882,
CVS,2004,2005-01-01,22563,831,1.1,1455,8031,-58,919,919,2005-01-01,1396,478,,30594,6080,6577,
CVS,2003,2004-01-03,19725,815,1.03,1424,6863,-48,847,847,2004-01-03,1376,528,,26588,5098,5439,
CVS,2002,2002-12-28,18113,811,0.88,1206,6069,-50,717,717,2002-12-28,1156,439,,24182,4552,4862,
CVS,2001,2001-12-29,16545,817,0.75,771,5697,-61,413,413,2001-12-29,710,296,,22241,4253,4926,
CVS,2000,2000-12-30,14726,816,0.91,1323,5362,-79,746,746,2000-12-30,1243,497,,20088,3742,4039,
CVS,1999,2000-01-01,13237,818,0.78,1136,4861,-59,635,635,2000-01-01,1076,441,,18098,3448,3726,
CVS,1998,1998-12-26,11144,810,0.6,772,4129,-61,396,396,1998-12-26,711,315,,15274,2949,3357,
CVS,1997,1997-12-31,9299,692,0.44,183,3440,-45,38,20,1997-12-31,138,118,,12738,2575,3257,0
CVS,1996,1996-12-31,3978,693,0.34,300,1550,104,75,240,1996-12-31,403,164,,5528,1174,1251,
CVS,1995,1995-12-31,6575,657,-0.04,-743,3114,-55,-657,-616,1995-12-31,-798,-182,,9689,2723,3857,
CVS,1994,1994-12-31,7253,422,0.73,611,4033,-33,307,359,1994-12-31,578,219,,11286,3216,3422,
CVS,1993,1993-12-31,6664,421,0.75,623,3771,-24,332,379,1993-12-31,600,220,,10435,2956,3148,
CVS,1992,1992-12-31,6529,418,0.86,361,3904,-25,133,210,1992-12-31,335,126,,10433,2995,3543,0
CVS,1991,1991-12-31,6164,414,0.83,670,3722,-30,347,397,1991-12-31,640,243,,9886,2914,3053,
CVS,1990,1990-12-31,5372,440,0.87,664,3314,-21,385,431,1990-12-31,633,202,,8687,2536,2651,-10
CVS,1989,1989-12-31,4564,447,0.88,708,2990,-4,398,441,1989-12-31,704,264,,7554,2184,2282,0
CVS,1988,1988-12-31,4086,439,0.81,589,2695,1,355,398,1988-12-31,586,188,,6780,2023,2105,-5
CVS,1987,1987-12-31,3568,435,0.66,524,2362,-1,285,328,1987-12-31,519,191,,5930,1767,1839,-4
CVS,1986,1986-12-31,3141,433,0.55,483,2121,0,238,286,1986-12-31,480,194,,5262,1574,1638,-4
CVS,1985,1985-12-31,2857,432,0.51,449,1917,-6,211,268,1985-12-31,439,171,,4775,1409,1469,-3
CVS,1984,1984-12-31,2586,423,0.47,416,1676,-14,190,244,1984-12-31,398,154,,4262,1207,1260,-3
CVS,1983,1983-12-31,2249,419,0.42,367,1499,-18,176,215,1983-12-31,346,131,,3747,1085,1132,-3
DHI,2019,2019-09-30,13667.7,377.4,4.29138,2125.3,3925.2,,1618.5,1618.6,2019-09-30,2125.3,506.7,,17592.9,1830.4,1799.8999999999996,
DHI,2018,2018-09-30,12347.7,383.4,4.18204,2060,3720.3,,1460.3,1571,2018-09-30,2060,489,,16068,1663.3,1660.2999999999993,
DHI,2017,2017-09-30,11002.6,378.9,2.80933,1602.1,3088.4,,1038.4,1038.4,2017-09-30,1602.1,563.7,,14091,1471.6,1486.2999999999993,
DHI,2016,2016-09-30,9471.2,375.1,2.43022,1353.5,2686.2,,886.3,886.3,2016-09-30,1353.5,467.2,,12157.4,1320.3,1332.699999999999,
DHI,2015,2015-09-30,8475.4,369.8,2.13898,1123.4,2348.6,,750.7,750.7,2015-09-30,1123.4,372.7,,10824,1186,1225.2000000000007,
DHI,2014,2014-09-30,6183,367,1.61,814,1842,,534,534,2014-09-30,814,281,,8025,965,1028,-28
DHI,2013,2013-09-30,4822,365,1.33,658,1437,,463,463,2013-09-30,658,195,,6259,766,780,-28
DHI,2012,2012-09-30,3492,359,2.77,243,862,,956,956,2012-09-30,243,-713,,4354,614,619,-12
DHI,2011,2011-09-30,3023,319,0.26,12,614,,72,72,2011-09-30,12,-60,,3637,556,602,-8
DHI,2010,2010-09-30,3628,319,0.78,100,773,,245,245,2010-09-30,100,-146,,4400,600,673,-10
DHI,2009,2009-09-30,3539,317,-0.89,-552,119,,-545,-545,2009-09-30,-552,-7,,3658,601,671,-13
DHI,2008,2008-09-30,8282,316,-3.06,-2632,-1636,,-2634,-2634,2008-09-30,-2632,2,,6646,892,996,-9
DHI,2007,2007-09-30,10485,314,1.49,-951,811,,-713,-713,2007-09-30,-951,-239,,11297,1295,1763,-4
DHI,2006,2006-09-30,11418,316,4.47,1987,3633,,1233,1233,2006-09-30,1987,754,,15051,1659,1646,-11
DHI,2005,2005-09-30,10140,318,4.66,2379,3723,,1471,1471,2005-09-30,2379,908,,13864,1374,1345,-16
DHI,2004,2004-09-30,8197,316,3.12,1583,2644,,975,975,2004-09-30,1583,608,,10841,1080,1061,-10
DHI,2003,2003-09-30,6806,306,2.05,1008,1922,,626,626,2003-09-30,1008,382,,8728,915,914,9
DHI,2002,2002-09-30,5364,283,1.44,648,1374,,405,405,2002-09-30,648,243,,6739,715,727,17
DHI,2001,2001-09-30,3527,231,1.15,408,928,,257,255,2001-09-30,408,153,,4456,479,521,35
DHI,2000,2000-09-30,2941,227,0.88,309,713,,192,192,2000-09-30,309,118,,3654,396,403,-2
DHI,1999,1999-09-30,2561,232,0.73,264,595,,160,160,1999-09-30,264,104,,3156,322,331,-2
DHI,1998,1998-09-30,1766,225,0.48,159,411,,93,93,1998-09-30,159,66,,2177,232,252,-5
DHI,1997,1997-09-30,685,182,0.21,60,152,,36,36,1997-09-30,60,24,,837,89,92,
DHI,1996,1996-09-30,449,160,0.17,44,98,,27,27,1996-09-30,44,17,,547,54,54,
DHI,1995,1995-09-30,360,101,0.2,33,78,,21,21,1995-09-30,33,12,,437,45,45,
DHI,1994,1994-09-30,326,101,0.17,29,67,,18,18,1994-09-30,29,11,,393,39,39,
DHI,1993,1993-09-30,156,100,0.09,14,35,,9,9,1993-09-30,14,5,,190,21,20,
DHI,1992,1992-12-31,151,88,0.1,14,32,,9,9,1992-12-31,14,5,,183,18,17,
DHI,1991,1991-12-31,100,71,0.08,8,24,,6,6,1991-12-31,8,2,,124,14,16,
DHI,1990,1990-12-31,76,70,0.07,5,18,,5,5,1990-12-31,5,0,,94,11,13,
DHI,1989,1989-12-31,67,70,0.04,3,15,,3,3,1989-12-31,3,0,,82,9,13,
DHR,2019,2019-12-31,7927.4,715,3.31508,3262.9,9983.7,30.4,3008.2,2432.3,2019-12-31,3305.3,873,1126,17911.1,5588.3,6720.800000000001,12
DHR,2018,2018-12-31,7543.2,710.2,3.38144,3055.1,9505.3,-127.7,2650.9,2399.3,2018-12-31,2961.9,562.6,1059.2,17048.5,5391,6450.2,34.5
DHR,2017,2017-12-31,6947.5,706.1,3.07931,2572.3,8571.3,-132.6,2492.1,2172.2,2017-12-31,2543.2,371,956.4,15518.8,5042.6,5999,103.5
DHR,2016,2016-12-31,7522.4,699.8,3.47002,2556.4,9360,38.8,2553.7,2153.4,2016-12-31,2611.3,457.9,975.1,16882.4,5497.3,6803.6,16.1
DHR,2015,2015-12-31,6630.7,708.5,2.58632,2162.2,7803,-123.2,3357.4,1746.7,2015-12-31,2039.4,292.7,861.4,14433.7,4681.9,5640.8,0.4
DHR,2014,2014-12-31,9430,716,3.79,3431,10483,-106,2598,2598,2014-12-31,3482,883,1314,19914,5584,7053,157
DHR,2013,2013-12-31,9160,711,3.68,3275,9958,-140,2695,2695,2013-12-31,3566,871,1250,19118,5433,6683,431
DHR,2012,2012-12-31,8812,713,3.36,3165,9448,-154,2392,2299,2012-12-31,3011,712,1138,18260,5093,6283,0
DHR,2011,2011-12-31,7846,701,3.15,2584,8245,-136,2172,1935,2011-12-31,2448,513,1019,16091,4496,5660,0
DHR,2010,2010-12-31,6576,683,2.69,2166,6627,-115,1793,1793,2010-12-31,2343,550,809,13203,3674,4460,291
DHR,2009,2009-12-31,5905,671,2.02,1542,5280,-118,1152,1152,2009-12-31,1425,273,633,11185,3073,3737,0
DHR,2008,2008-12-31,6757,672,2.07,1869,5940,-120,1318,1318,2008-12-31,1749,432,725,12697,3296,4071,0
DHR,2007,2007-12-31,5985,659,1.86,1741,5041,-104,1370,1214,2007-12-31,1637,423,601,11026,2713,3300,-14
DHR,2006,2006-12-31,5353,651,1.74,1518,4243,-72,1122,1122,2006-12-31,1446,324,,9596,2742,2725,-16
DHR,2005,2005-12-31,4540,656,1.38,1265,3445,-30,898,898,2005-12-31,1234,337,,7985,2176,2180,5
DHR,2004,2004-12-31,3997,655,1.14,1105,2893,-47,746,746,2004-12-31,1058,312,,6889,1796,1787,
DHR,2003,2003-12-31,3155,646,0.82,846,2139,-49,537,537,2003-12-31,797,260,,5294,1316,1293,
DHR,2002,2002-12-31,2791,634,0.68,701,1786,-44,290,434,2002-12-31,657,223,,4577,1097,1085,
DHR,2001,2001-12-31,2338,607,0.68,502,1444,-26,298,298,2001-12-31,476,179,,3782,873,942,
DHR,2000,2000-12-31,2316,582,0.64,552,1462,-29,324,324,2000-12-31,523,199,,3778,910,910,0
DHR,1999,1999-12-31,1961,584,0.51,458,1236,-17,262,262,1999-12-31,430,168,,3197,778,778,-12
DHR,1998,1998-12-31,1821,556,0.38,326,1089,-25,183,183,1998-12-31,301,118,,2910,722,763,
DHR,1997,1997-12-31,1382,482,0.37,267,668,-13,155,155,1997-12-31,254,99,,2051,402,402,
DHR,1996,1996-12-31,1240,480,0.31,226,572,-16,208,128,1996-12-31,210,82,,1812,346,346,
DHR,1995,1995-12-31,1040,479,0.25,180,447,-7,108,106,1995-12-31,173,67,,1487,267,267,
DHR,1994,1994-12-31,934,467,0.17,146,354,-9,82,82,1994-12-31,137,55,,1289,209,209,
DHR,1993,1993-12-31,794,462,0.12,101,282,-10,18,54,1993-12-31,91,37,,1076,180,180,
DHR,1992,1992-12-31,707,460,0.07,68,248,-11,32,32,1992-12-31,57,25,,956,177,181,0
DHR,1991,1991-12-31,635,457,0.03,41,202,-14,13,13,1991-12-31,26,13,,837,162,162,0
DHR,1990,1990-12-31,599,426,0.08,81,246,-19,36,36,1990-12-31,62,26,,845,165,165,0
DHR,1989,1989-12-31,518,380,0.12,94,231,-22,61,47,1989-12-31,79,32,,749,137,137,7
DHR,1988,1988-12-31,480,396,0.1,105,235,-33,44,40,1988-12-31,73,33,,715,130,130,1
DHR,1987,1987-12-31,420,385,0.05,86,195,-43,19,20,1987-12-31,43,23,,615,111,110,
DHR,1986,1986-12-31,352,386,0.02,41,94,-23,15,9,1986-12-31,18,9,,446,61,61,
DHR,1985,1985-12-31,247,331,0.02,27,52,-13,14,6,1985-12-31,14,8,,298,32,31,
DHR,1984,1984-12-31,72,264,0.01,8,14,-5,3,1,1984-12-31,3,2,,86,11,10,0
DHR,1983,1983-12-31,15,224,-0.02,3,2,-7,-4,-4,1983-12-31,-4,0,,17,6,6,0
DRI,2020,2020-05-31,6398.5,122.7,2.44959,-97.6,1408.4,-57.3,-52.4,-49.2,2020-05-31,-161,-111.8,,7806.9,614.4,1506,-6.1
DRI,2019,2019-05-26,6672.6,125.4,5.89601,832.5,1837.8,-50.2,713.4,718.6,2019-05-26,782.3,63.7,,8510.4,671,1005.2999999999993,
DRI,2018,2018-05-27,6333.1,126,4.21424,766.8,1747,-161.1,596,524.5,2018-05-27,605.7,81.2,,8080.1,655.9,980.1999999999998,
DRI,2017,2017-05-28,5604.3,126,3.79812,677.5,1565.9,-40.2,479.1,482.5,2017-05-28,637.3,154.8,,7170.2,633.6,888.3999999999996,
DRI,2016,2016-05-29,5386.7,129.3,2.85242,622.2,1546.8,-172.5,375,359.7,2016-05-29,449.7,90,,6933.5,624.8,924.6000000000004,
DRI,2015,2015-05-31,5335.7,129.7,2.04298,367.9,1428.3,-187.1,709.5,196.4,2015-05-31,175.3,-21.1,,6764,639.3,1060.4000000000005,
DRI,2014,2014-05-25,4989.2,133.2,1.57,312.5,1296.4,-135.1,286.2,183.2,2014-05-25,174.6,-8.6,,6285.6,641.3,983.9000000000005,
DRI,2013,2013-05-26,6662.5,131.6,3.14,645.4,1889.4,-123,411.9,412.6,2013-05-26,522.4,109.8,,8551.9,849.2,1244,
DRI,2012,2012-05-27,6163.2,133.2,3.62,638,1835.5,,475.5,476.5,2012-05-27,638,161.5,,7998.7,746.3,1197.5,
DRI,2011,2011-05-29,5699.5,140.3,3.47,647.6,1800.7,,476.3,478.7,2011-05-29,647.6,168.9,,7500.2,738,1153.1000000000004,
DRI,2010,2010-05-30,5484,142.4,2.89,543.6,1629.1,,404.5,407,2010-05-30,543.6,136.6,,7113.1,684.5,1085.5,
DRI,2009,2009-05-31,5636.9,140.4,2.72,512.5,1580.6,,372.2,371.8,2009-05-31,512.5,140.7,,7217.5,665.6,1068.1000000000004,
DRI,2008,2008-05-25,5138.7,145.1,2.56,514.7,1487.8,,377.2,369.5,2008-05-25,514.7,145.2,,6626.5,641.6,973.1000000000004,
DRI,2007,2007-05-27,4258.8,148.8,2.55,530.8,1308.3,,201.4,377.1,2007-05-27,530.8,153.7,,5567.1,534.6,777.5,
DRI,2006,2006-05-28,4427.5,156.9,2.2,482.5,1293.1,,338.2,338.2,2006-05-28,482.5,144.3,,5720.6,536.4,810.6000000000004,
DRI,2005,2005-05-29,4095.8,163.4,1.8,423.9,1182.3,,290.6,290.6,2005-05-29,423.9,133.3,,5278.1,497.5,758.3999999999996,
DRI,2004,2004-05-30,3902.9,169.7,1.51,332.8,1100.4,,227.2,227.2,2004-05-30,332.8,105.6,,5003.4,472.1,767.7000000000003,
DRI,2003,2003-05-25,3634.4,177.4,1.31,347.7,1020.6,,232.3,232.3,2003-05-25,347.7,115.5,,4655,439.4,672.7999999999997,
DRI,2002,2002-05-26,3384.6,183.5,1.29,363.3,984.1,,237.8,237.8,2002-05-26,363.3,125.5,,4368.7,420.9,620.8000000000002,
DRI,2001,2001-05-27,3134.7,185.7,1.06,301.2,886.4,,197,197,2001-05-27,301.2,104.2,,4021.2,407.7,585.2000000000003,
DRI,2000,2000-05-28,2901,197.9,0.87,273.9,800.3,,176.7,176.7,2000-05-28,273.9,97.2,,3701.3,379.5,526.3000000000002,
DRI,1999,1999-05-30,2744.9,212.1,0.64,215.9,713.2,,140.5,140.5,1999-05-30,215.9,75.3,,3458.1,360.9,497.2999999999997,
DRI,1998,1998-05-31,2628.4,227.1,0.45,153.7,658.6,,101.7,101.7,1998-05-31,153.7,52,,3287,358.5,504.9000000000001,
DRI,1997,1997-05-25,2576,233.4,0.25,-154.5,595.8,,-91,-91,1997-05-25,-154.5,-63.5,,3171.8,361.3,750.3000000000002,
DRI,1996,1996-05-26,2473.1,242,0.51,113.7,718.6,,74.4,74.4,1996-05-26,113.7,39.4,,3191.8,373.9,605,
DRI,1995,1995-05-28,2495.8,237,0.56,65.1,667.5,,52.4,52.4,1995-05-28,65.1,12.7,,3163.3,345.9,602.2999999999997,
DRI,1994,1994-05-29,2325,238.7,0.52,193.7,638,,126.8,123.1,1994-05-29,193.7,70.6,,2963,301.1,444.3000000000002,
DRI,1993,1993-05-30,2147.4,244.7,0.45,161.1,589.7,,91.6,91.6,1993-05-30,161.1,69.5,,2737,266.7,428.5,
DRI,1992,1992-05-31,1983.4,248.6,0.45,177,558.6,,111.6,111.6,1992-05-31,177,65.4,,2542,271.4,381.6999999999998,
DVA,2019,2019-12-31,7914.485,153.81206,5.37516,1609.915,3473.994,-443.824,810.981,915.811,2019-12-31,1195.439,279.628,,11388.479,1103.312,1864.0790000000006,29.348
DVA,2018,2018-12-31,8195.513,172.36458,3.40076,1525.824,3209.338,-487.435,159.394,790.078,2018-12-31,1048.478,258.4,,11404.851,1128.154,1683.5139999999992,10.089
DVA,2017,2017-12-31,7640.005,191.34853,2.81311,1812.755,3236.629,-430.634,663.618,823.927,2017-12-31,1399.786,575.859,,10876.634,1056.993,1423.8740000000007,17.665
DVA,2016,2016-12-31,7431.582,204.90466,3.88088,2029.71,3275.885,-414.116,879.874,1191.344,2016-12-31,1623.105,431.761,,10707.467,1084.518,1246.1749999999993,7.511
DVA,2015,2015-12-31,9824.834,216.25181,3.17482,1170.695,3957.003,-456.452,269.732,427.41,2015-12-31,723.136,295.726,,13781.837,1461.375,2786.307999999999,8.893
DVA,2014,2014-12-31,9119,217,3.39,1815,3676,-508,723,863,2014-12-31,1310,446,,12795,1276,1861,2
DVA,2013,2013-12-31,8198,215,3.93,1550,3566,-430,633,744,2013-12-31,1125,381,,11764,1181,2016,5
DVA,2012,2012-12-31,5579,196,3.02,1297,2607,-300,536,641,2012-12-31,1001,360,,8186,899,1310,4
DVA,2011,2011-12-31,4681,193,2.57,1131,2301,-241,478,577,2011-12-31,893,316,,6982,889,1170,3
DVA,2010,2010-12-31,4475,206,2.19,923,1973,-182,406,484,2010-12-31,744,260,,6447,750,1050,3
DVA,2009,2009-12-31,4249,208,2.03,940,1860,-186,423,480,2009-12-31,758,278,,6109,693,920,4
DVA,2008,2008-12-31,3920,212,1.77,822,1740,-225,374,374,2008-12-31,609,235,,5660,654,918,12
DVA,2007,2007-12-31,3590,215,1.78,862,1674,-257,382,382,2007-12-31,628,246,,5264,628,812,22
DVA,2006,2006-12-31,3390,212,1.37,739,1490,-277,290,289,2006-12-31,476,186,,4881,580,751,13
DVA,2005,2005-12-31,2035,208,1,465,939,-143,229,207,2005-12-31,331,124,,2974,334,474,9
DVA,2004,2004-12-31,1555,206,1.08,410,744,-52,222,222,2004-12-31,362,140,,2299,233,333,4
DVA,2003,2003-12-31,1361,228,0.83,379,656,-93,176,176,2003-12-31,288,112,,2016,195,277,3
DVA,2002,2002-12-31,1218,271,0.76,391,637,-81,157,187,2002-12-31,316,130,,1855,181,245,6
DVA,2001,2001-12-31,1101,310,0.64,318,550,-82,137,136,2001-12-31,241,105,,1651,127,232,5
DVA,2000,2000-12-31,1032,249,0.26,175,454,-123,13,17,2000-12-31,45,28,,1486,163,280,-7
DVA,1999,1999-12-31,993,243,-0.23,-64,452,-116,-147,-147,1999-12-31,-182,-35,,1445,264,516,-2
DVA,1998,1998-12-31,773,240,0.28,142,432,-85,-4,15,1998-12-31,57,42,,1205,120,290,
DVA,1997,1997-12-31,292,136,0.27,80,146,-18,37,37,1997-12-31,62,25,,438,39,66,
DVA,1996,1996-12-31,184,129,0.18,49,89,-9,16,24,1996-12-31,40,16,,273,25,40,
DVA,1995,1995-12-31,57,89,0.07,18,32,-7,4,6,1995-12-31,11,5,,90,9,14,
DVA,1994,1995-05-31,66,60,0.08,17,33,-9,5,5,1995-05-31,8,4,,99,11,16,
DVA,1993,1994-05-31,57,76,0.07,11,24,-1,6,6,1994-05-31,10,4,,80,9,13,
DVA,1992,1993-05-31,49,76,0.08,11,22,-1,6,6,1993-05-31,11,4,,72,7,11,
DVA,1991,1992-05-31,46,76,0.06,8,18,-1,5,5,1992-05-31,8,3,,64,7,10,
DVA,1990,1991-05-31,37,76,0.05,7,16,-1,4,4,1991-05-31,7,3,,53,6,9,
DE,2019,2019-11-03,28449,320.6,9.9379,5498,10832,-1410,3253,3168,2019-11-03,4088,920,1783,39281,3551,5334,
DE,2018,2018-10-28,27115.3,327.3,9.51399,5100.3,10239.4,-1029.6,2368.4,3047.8,2018-10-28,4070.7,1022.9,1657.6,37354.7,3425.5,5139.100000000002,
DE,2017,2017-10-29,21132.1,323.3,6.67646,4171.3,8605.6,-1017.5,2159.1,2182.7,2017-10-29,3153.8,971.1,1367.7,29737.7,3066.6,4434.300000000003,
DE,2016,2016-10-31,19562.5,316.6,4.81112,2928.7,7081.5,-704.7,1523.9,1523.9,2016-10-31,2224,700.1,1389.1,26644,2763.7,4152.799999999999,
DE,2015,2015-10-31,21505.3,336,5.77143,3059.1,7357.5,-279,1940,1940,2015-10-31,2780.1,840.1,1425.1,28862.8,2873.3,4298.4000000000015,
DE,2014,2014-10-31,25869,366,8.63,5461,10198,-664,3162,3171,2014-10-31,4797,1627,1452,36067,3284,4737,
DE,2013,2013-10-31,26488,389,9.09,6225,11308,-741,3537,3538,2013-10-31,5483,1946,1477,37795,3606,5083,
DE,2012,2012-10-31,25714,402,7.63,5517,10429,-783,3065,3075,2012-10-31,4734,1659,1434,36143,3417,4926,
DE,2011,2011-10-31,22533,422,6.63,4982,9468,-759,2800,2799,2011-10-31,4223,1424,1226,32002,3169,4497,
DE,2010,2010-10-31,18031,429,4.35,3837,7964,-811,1865,1864,2010-10-31,3025,1162,1052,25995,2969,4137,
DE,2009,2009-10-31,16900,424,2.62,2382,6212,-1042,874,880,2009-10-31,1340,460,977,23112,2781,3830,
DE,2008,2008-10-31,20178,436,4.71,4261,8260,-1137,2053,2013,2008-10-31,3124,1111,943,28438,2960,3999,
DE,2007,2007-10-31,16798,455,4,3827,7284,-1151,1822,1793,2007-10-31,2676,883,817,24082,2621,3458,
DE,2006,2006-10-31,15834,472,3.08,3191,6314,-1018,1694,1432,2006-10-31,2174,742,726,22148,2324,3123,70
DE,2005,2005-10-31,15737,493,2.94,2917,6193,-761,1447,1441,2005-10-31,2156,715,677,21931,2219,3277,
DE,2004,2004-10-31,14218,506,2.78,2706,5768,-592,1406,1405,2004-10-31,2114,709,612,19986,2117,3062,
DE,2003,2003-10-31,11289,487,1.32,1600,4246,-629,643,634,2003-10-31,971,337,577,15535,1744,2646,
DE,2002,2002-10-31,10041,482,0.75,1240,3906,-637,319,344,2002-10-31,603,258,528,13947,1657,2666,
DE,2001,2001-10-31,9597,470,0.34,741,3684,-766,-64,-43,2001-10-31,-25,18,590,13281,1628,2955,
DE,2000,2000-10-31,9317,472,1.03,1454,3802,-677,486,484,2000-10-31,778,294,542,13118,1505,2366,
DE,1999,1999-10-31,8772,469,0.51,922,2917,-557,239,230,1999-10-31,365,135,458,11690,1362,2057,
DE,1998,1998-10-31,9813,491,2.08,2079,3936,-519,1021,1006,1998-10-31,1560,554,444,13748,1309,1929,
DE,1997,1997-10-31,9035,513,1.87,1929,3689,-422,960,956,1997-10-31,1507,551,412,12724,1321,1827,
DE,1996,1996-10-31,7962,526,1.55,1689,3201,-402,817,807,1996-10-31,1287,480,370,11163,1147,1579,
DE,1995,1995-10-31,7421,525,1.35,1485,2774,-392,706,695,1995-10-31,1093,398,327,10195,1001,1384,
DE,1994,1994-10-31,6586,520,1.16,1224,2350,-303,604,589,1994-10-31,921,332,276,8936,907,1220,
DE,1993,1993-10-31,5853,464,0.55,641,1803,-369,-921,175,1993-10-31,272,97,270,7656,845,1259,
DE,1992,1992-10-31,5332,458,0.08,457,1532,-413,37,29,1992-10-31,44,15,288,6864,843,1172,
DE,1991,1991-10-31,5300,457,0.21,424,1668,-450,-20,-21,1991-10-31,-26,-5,279,6967,840,1331,
DE,1990,1990-10-31,5759,455,0.9,1023,2030,-435,411,406,1990-10-31,588,182,264,7789,792,1093,
DE,1989,1989-10-31,5318,451,0.84,946,1826,-407,380,372,1989-10-31,539,167,234,7144,697,956,
DE,1988,1988-10-31,4646,423,0.75,694,1530,-333,315,282,1988-10-31,361,79,216,6176,666,898,
DE,1987,1987-10-31,3636,407,-0.24,-120,616,-186,-99,-193,1987-10-31,-306,-113,214,4252,520,737,
DE,1986,1986-10-31,3271,407,-0.56,-389,354,-204,-229,-309,1986-10-31,-593,-284,225,3625,508,743,
DE,1985,1985-10-31,3355,407,0.07,70,816,-199,30,-65,1985-10-31,-129,-64,223,4171,508,746,
DE,1984,1984-10-31,3598,406,0.26,220,955,-235,105,21,1984-10-31,-15,-36,228,4553,501,735,
DE,1983,1983-10-31,3288,411,0.06,133,829,-230,24,-51,1983-10-31,-97,-46,212,4117,474,696,
DAL,2019,2019-12-31,21135,653,7.30015,6618,25872,-182,4767,4767,2019-12-31,6198,1431,,47007,14861,19254,-238
DAL,2018,2018-12-31,21190,694,5.67003,5264,23248,-297,3935,3935,2018-12-31,5151,1216,,44438,13985,17984,184
DAL,2017,2017-12-31,18132,723,4.97787,5966,23006,-396,3205,3599,2017-12-31,5500,1901,,41138,12950,17040,-70
DAL,2016,2016-12-31,16237,755,5.55629,6996,23213,-388,4195,4195,2016-12-31,6353,2158,,39450,12260,16217,-255
DAL,2015,2015-12-31,15795,804,4.66111,7802,24909,-481,4526,4526,2015-12-31,7157,2631,,40704,11938,17107,-164
DAL,2014,2014-12-31,25313,845,3.72,1938,15049,-650,659,659,2014-12-31,1072,413,,40362,10905,13111,-216
DAL,2013,2013-12-31,20964,858,6.65,3400,16809,-852,10540,10540,2013-12-31,2527,-8013,,37773,9829,13409,-21
DAL,2012,2012-12-31,21658,850,1.82,2057,15012,-1005,1009,1009,2012-12-31,1025,16,,36670,9228,12955,-27
DAL,2011,2011-12-31,20907,844,1.27,1907,14208,-1094,854,854,2011-12-31,769,-85,,35115,8840,12301,-44
DAL,2010,2010-12-31,17358,843,1.85,1826,14397,-1185,593,593,2010-12-31,608,15,,31755,8573,12571,-33
DAL,2009,2009-12-31,16643,827,-1.11,-407,11420,-1251,-1237,-1237,2009-12-31,-1581,-344,,28063,8243,11827,77
DAL,2008,2008-12-31,14870,468,-7.36,-8314,7827,-613,-8922,-8922,2008-12-31,-9041,-119,,22697,5832,16141,-114
DAL,2007,2007-12-31,11126,314,3.08,2311,8028,-524,1612,1612,2007-12-31,1819,207,,19154,5280,5717,32
DAL,2006,2006-12-31,10302,197,-11.01,-6148,6869,-801,-6203,-6203,2006-12-31,-6968,-765,,17171,5016,13017,-19
DAL,2005,2005-12-31,9210,162,-16.62,-2884,6981,-974,-3818,-3818,2005-12-31,-3859,-41,,16191,6006,9865,-1
DAL,2004,2004-12-31,7476,127,-31.4,-3330,7526,-642,-5176,-5176,2004-12-31,-3970,1206,,15002,7044,10856,2
DAL,2003,2003-12-31,5364,123,-7.04,-795,7939,-375,-773,-773,2003-12-31,-1189,-416,,13303,7032,8734,-19
DAL,2002,2002-12-31,5312,123,-7.88,-1390,7993,-613,-1272,-1272,2002-12-31,-2002,-730,,13305,7026,9383,1
DAL,2001,2001-12-31,5617,123,-7.33,-1534,8262,-283,-1216,-1216,2001-12-31,-1864,-648,,13879,7280,9796,-47
DAL,2000,2000-12-31,5640,131,8.76,1478,11101,30,828,928,2000-12-31,1549,621,,16741,7320,9623,41
DAL,1999,2000-06-30,5127,138,12.3,1288,10761,1005,1303,1369,2000-06-30,2283,914,,15888,6963,9473,-10
DAL,1998,1999-06-30,4490,152,7.2,1870,10221,-101,1101,1101,1999-06-30,1826,725,,14711,6615,8351,57
DAL,1997,1998-06-30,4347,157,6.34,1693,9791,-69,1001,1001,1998-06-30,1648,647,,14138,6511,8098,24
DAL,1996,1997-06-30,4486,154,5.83,1502,9104,-64,854,854,1997-06-30,1415,561,,13590,6137,7602,-23
DAL,1995,1996-06-30,4094,107,5.15,445,8361,-158,156,156,1996-06-30,276,120,,12455,5842,7916,-11
DAL,1994,1995-06-30,4172,160,2.02,657,8022,-142,408,294,1995-06-30,494,200,,12194,6167,7365,-21
DAL,1993,1994-06-30,4181,101,-1.76,-447,7896,-214,-409,-409,1994-06-30,-660,-251,,12077,6458,8343,1
DAL,1992,1993-06-30,4478,100,-5.16,-575,7179,-155,-1002,-415,1993-06-30,-651,-236,,11657,4798,7754,14
DAL,1991,1992-06-30,4303,99,-5.53,-675,6534,-151,-506,-506,1992-06-30,-786,-280,,10837,4436,7209,5
DAL,1990,1991-06-30,3686,89,-3.99,-450,5485,-98,-324,-324,1991-06-30,-500,-176,,9171,3752,5935,30
DAL,1989,1990-06-30,2925,110,2.53,420,5658,-27,303,303,1990-06-30,468,165,,8582,3426,5238,57
DAL,1988,1989-06-30,2617,99,4.56,678,5473,-39,461,461,1989-06-30,711,250,,8089,3122,4794,55
DAL,1987,1988-06-30,2278,97,3.16,497,4637,-65,307,307,1988-06-30,456,149,,6915,2703,4140,25
DAL,1986,1987-06-30,1618,89,2.31,405,3701,-62,264,264,1987-06-30,447,183,,5318,2229,3296,8
DAL,1985,1986-06-30,1492,80,0.46,34,2968,-55,47,47,1986-06-30,3,-44,,4460,1964,2934,8
DAL,1984,1985-06-30,1520,80,2.49,366,3164,-62,259,259,1985-06-30,405,146,,4684,1856,2798,7
DAL,1983,1984-06-30,1454,80,1.02,211,2810,-110,176,176,1984-06-30,240,65,,4264,1688,2598,9
DAL,1982,1983-06-30,1412,80,-1.32,-207,2204,-62,-87,-87,1983-06-30,-227,-140,,3616,1591,2412,14
XRAY,2019,2019-12-31,1864.1,224.4,1.51034,360.9,2165.1,20.8,262.9,263.1,2019-12-31,345.4,82.3,131.3,4029.2,1582.6,1804.2000000000003,-36.3
XRAY,2018,2018-12-31,1918.5,224.3,-0.67258,-958.1,2067.8,-30.6,-1011,-1015,2018-12-31,-958.4,56.6,160.5,3986.3,1558.6,3025.8999999999996,30.3
XRAY,2017,2017-12-31,1804.9,229.4,-0.67746,-1562.3,2188.5,-46.2,-1550,-1530.2,2017-12-31,-1603.5,-73.3,151.7,3993.4,1523,3750.7999999999997,5
XRAY,2016,2016-12-31,1744.4,221.6,2.7586,454.7,2000.9,-24.9,429.9,431.4,2016-12-31,440.9,9.5,128.5,3745.3,1394.5,1546.1999999999998,11.1
XRAY,2015,2015-12-31,1157.1,142.5,2.10005,375.2,1517.2,-44.6,251.2,252.7,2015-12-31,329.7,77,74.9,2674.3,1002.4,1142,-0.9
XRAY,2014,2014-12-31,1322.8,144.2,2.26808,445.6,1599.8,-59.6,322.9,323.3,2014-12-31,404.4,81.1,80.8,2922.6,1062.3,1154.2,18.4
XRAY,2013,2013-12-31,1373.4,145,2.27,419.2,1577.4,-51.2,313.2,317.2,2013-12-31,369.3,52.2,85.1,2950.8,1059.8,1158.1999999999998,1.3
XRAY,2012,2012-12-31,1372,143.9,2.66,381.9,1556.4,-51.7,314.2,321.8,2012-12-31,330.7,8.9,85.4,2928.4,1063.3,1174.5,0.4
XRAY,2011,2011-12-31,1264.3,143.6,1.94,300.7,1273.4,-37.3,244.5,245.1,2011-12-31,256.1,11,66.7,2537.7,870.1,972.7,-7.3
XRAY,2010,2010-12-31,1090.9,146,1.9,380.3,1130.2,-24.2,265.7,268.4,2010-12-31,357.7,89.2,49.4,2221,689.5,749.8,1.5
XRAY,2009,2009-12-31,1053,150.1,1.85,381.2,1106.4,-17.2,274.3,274.4,2009-12-31,363.4,88.9,50.3,2159.4,667.9,725.0999999999999,-0.7
XRAY,2008,2008-12-31,1043.6,151.7,2.04,380.5,1147.9,-24.3,283.9,283.3,2008-12-31,354.9,71.6,48.5,2191.5,686.6,767.4000000000001,-1.3
XRAY,2007,2007-12-31,969.1,154.7,1.73,354.9,1040.8,3.1,259.7,259.7,2007-12-31,358.2,98.5,46.8,2009.8,628.6,685.8000000000001,0.2
XRAY,2006,2006-12-31,881.5,158.3,1.45,314.8,929,1.4,223.7,223.7,2006-12-31,314.8,91.1,44.4,1810.5,562,614.2,-1.3
XRAY,2005,2005-12-31,846.1,162,1.2,72.9,869,-1.7,45.4,45.4,2005-12-31,71,25.6,,1715.1,563.3,796.1,-0.2
XRAY,2004,2004-12-31,847.7,164,1.32,295.1,846.5,-21,253.2,210.3,2004-12-31,274.2,63.9,,1694.2,544.3,551.3999999999999,0.1
XRAY,2003,2003-12-31,797.5,161.3,1.07,268,770.5,-16.2,174.2,169.9,2003-12-31,251.2,81.3,,1568,498.9,502.5,-0.6
XRAY,2002,2002-12-31,712.2,160,0.89,249.5,703.7,-33.8,148,143.6,2002-12-31,214.1,70.4,,1415.9,457,454.20000000000005,-1.5
XRAY,2001,2001-12-31,502.4,158,0.67,170.2,542.8,-14.1,121.5,117.7,2001-12-31,179.5,61.8,,1045.3,367.6,372.70000000000005,0.3
XRAY,2000,2000-12-31,427,157.1,0.64,161.4,462.8,-9.5,101,100.8,2000-12-31,151.6,50.8,,889.8,301.4,301.4,-0.3
XRAY,1999,1999-12-31,404.6,158.7,0.57,149.6,431.8,-14.6,89.9,89.9,1999-12-31,138,48.2,,836.4,282.2,282.19999999999993,3
XRAY,1998,1998-12-31,384.2,160.8,0.5,69.9,416.3,-14.2,34.8,34.8,1998-12-31,55.1,20.3,,800.5,275,346.40000000000003,-0.6
XRAY,1997,1997-12-31,352,162.7,0.46,132.5,368.7,-11,74.6,74.6,1997-12-31,122,47.5,,720.8,236.3,236.29999999999995,0.6
XRAY,1996,1996-12-31,331.9,162,0.42,119.5,324.7,-10.1,67.2,67.2,1996-12-31,111,43.7,,656.6,205.2,205.20000000000005,1.6
XRAY,1995,1995-12-31,291.2,162.8,0.33,100.7,280.9,-7.9,54,54,1995-12-31,90,36.1,,572,180.1,180.10000000000002,-2.8
XRAY,1994,1994-12-31,267,168.3,0.32,97.4,257.7,-6.5,62,54.1,1994-12-31,91.7,37.5,,524.8,160.3,160.39999999999998,0.7
XRAY,1993,1993-12-31,257.7,149.4,0.17,74,246.1,-20.4,14.1,25.1,1993-12-31,51.3,26.2,,503.8,172.1,172.2,-2.2
XRAY,1992,1992-12-31,246.1,145.3,0.22,81.9,230.2,-21.5,34.3,31.3,1992-12-31,55.7,24.4,,476.3,148.3,148.29999999999998,-4.8
XRAY,1991,1991-12-31,218.2,138.6,0.13,65.7,190.7,-24.9,18.2,18.2,1991-12-31,33.7,15.5,,408.9,125,125,-7
DVN,2019,2019-12-31,1197,401,-0.14863,145,5023,-260,-355,-79,2019-12-31,-109,-30,58,6220,3287,4878,6
DVN,2018,2018-12-31,1153,494,1.54468,1205,7743,-287,3064,714,2018-12-31,944,230,128,8896,4895,6538,26
DVN,2017,2017-12-31,791,520,-0.63144,371,5710,-337,898,-5,2017-12-31,40,45,346,6501,4204,5339,6
DVN,2016,2016-12-31,1803,513,-1.94074,-304,8501,-571,-1056,-1458,2016-12-31,-1317,141,215,10304,6398,8805,-442
DVN,2015,2015-12-31,2439,412,-3.46092,-19075,10706,-513,-12896,-13645,2015-12-31,-19858,-6213,451,13145,7654,29781,-270
DVN,2014,2014-12-31,2692,407,4.90464,4650,16874,-407,1607,1691,2014-12-31,4059,2368,0,19566,7837,12224,-184
DVN,2013,2013-12-31,2543,406,3.21,567,7854,-334,-20,-20,2013-12-31,149,169,,10397,2356,7287,-84
DVN,2012,2012-12-31,2074,404,2.94,-622,6735,305,-206,-185,2012-12-31,-317,-132,,8809,2352,7357,-14
DVN,2011,2011-12-31,1851,414,5.1,4540,9603,-342,4704,2134,2011-12-31,4290,2156,,11454,2725,5063,92
DVN,2010,2010-12-31,1689,436,5.41,3853,8251,-317,4550,2333,2010-12-31,3568,1235,,9940,2300,4398,32
DVN,2009,2009-12-31,1670,439,3.44,-4351,6345,-235,-2479,-2753,2009-12-31,-4526,-1773,,8015,1984,10696,60
DVN,2008,2008-12-31,2217,444,8.25,-3779,12994,-403,-2148,-3079,2008-12-31,-4033,-954,,15211,2799,16773,149
DVN,2007,2007-12-31,1828,450,6.97,4522,9534,-307,3606,3146,2007-12-31,4224,1078,,11362,2080,5012,9
DVN,2006,2006-12-31,1488,448,6.48,4496,9090,-599,2846,2823,2006-12-31,4012,1189,,10578,1982,4594,115
DVN,2005,2005-12-31,1345,470,6.57,4981,9396,-625,2930,2930,2005-12-31,4552,1622,,10741,1968,4415,196
DVN,2004,2004-12-31,1280,499,4.4,3704,7909,-514,2186,2186,2004-12-31,3293,1107,,9189,1871,4205,103
DVN,2003,2003-12-31,1078,433,4.23,2642,6274,-432,1747,1731,2003-12-31,2245,514,,7352,1685,3632,35
DVN,2002,2002-12-31,775,312,1.55,541,3541,-504,104,59,2002-12-31,-134,-193,,4316,1138,3000,-171
DVN,2001,2001-12-31,614,260,2.82,86,2461,-2,103,54,2001-12-31,84,30,,3075,228,2375,0
DVN,2000,2000-12-31,494,263,3.09,1142,2290,0,730,730,2000-12-31,1142,412,,2784,196,1148,0
DVN,1999,1999-12-31,167,187,0.59,160,568,,95,95,1999-12-31,160,65,,734,77,408,7
DVN,1998,1998-12-31,113,97,-0.53,-76,274,,-60,-60,1998-12-31,-76,-16,,388,37,350,10
DVN,1997,1997-12-31,66,75,1.08,121,240,,75,75,1997-12-31,121,46,,306,31,126,10
DVN,1996,1996-12-31,32,50,0.76,59,131,,35,35,1996-12-31,59,24,,163,20,73,5
DVN,1995,1995-12-31,27,45,0.33,26,85,,15,15,1995-12-31,26,11,,112,15,61,0
DVN,1994,1994-12-31,31,43,0.32,21,68,,14,14,1994-12-31,21,8,,99,8,48,0
DVN,1993,1993-12-31,33,42,0.46,26,64,,20,19,1993-12-31,26,7,,98,8,40,
DVN,1992,1992-12-31,23,32,0.45,19,46,,15,15,1992-12-31,19,5,,69,7,29,
DVN,1991,1991-12-31,11,17,-0.06,-21,18,,-15,-15,1991-12-31,-21,-6,,29,6,40,
DVN,1990,1990-12-31,12,23,0.11,4,18,,3,3,1990-12-31,4,2,,30,5,15,
DVN,1989,1989-12-31,12,19,0.04,1,14,,1,1,1989-12-31,1,1,,26,6,15,
DVN,1988,1988-12-31,8,14,-0.04,-1,10,,3,-1,1988-12-31,-1,0,,18,4,14,
DVN,1987,1987-12-31,5,12,-0.06,-1,10,,-1,-1,1987-12-31,-1,0,,15,4,14,
DVN,1986,1986-12-31,5,12,-0.32,-7,10,,-4,-4,1986-12-31,-7,-3,,15,4,17,
DXCM,2019,2019-12-31,530.4,92.3,1.35393,142.3,945.6,-38.1,101.1,101.1,2019-12-31,104.2,3.1,273.5,1476,515.7,803.3000000000001,
DXCM,2018,2018-12-31,367.7,88.2,-1.40578,-186.3,663.9,59.8,-127.1,-127.5,2018-12-31,-126.5,1,417.4,1031.6,432.8,850.2,
DXCM,2017,2017-12-31,226.4,86.3,0.72596,-42.5,492.1,-9.5,-50.2,55.5,2017-12-31,-48.6,-104.1,185.4,718.5,349.2,534.6,3.4
DXCM,2016,2016-12-31,194.9,83.6,-0.78469,-63.9,378.4,-0.3,-65.6,-65.6,2016-12-31,-64.9,0.7,156.1,573.3,286.2,442.30000000000007,-0.7
DXCM,2015,2015-12-31,123.6,79.8,-0.7218,-57.1,278.4,-0.4,-57.6,-57.6,2015-12-31,-57.5,0.1,137.5,402,198,335.5,
DXCM,2014,2014-12-31,82.9,75.2,-0.29787,-21.5,176.3,-0.8,-22.4,-22.4,2014-12-31,-22.3,0.1,69.4,259.2,128.4,197.79999999999998,0
FANG,2019,2019-12-31,917,163.843,5.9579,639,3047,-275,240,315,2019-12-31,362,47,,3964,104,2408,-2
FANG,2018,2018-12-31,435.627,104.929,8.35739,1010.788,1740.629,13.473,845.672,944.895,2018-12-31,1113.257,168.362,,2176.256,64.554,729.8410000000001,88.996
FANG,2017,2017-12-31,223.272,97.688,5.63182,605.02,981.839,-118.066,482.261,584.657,2017-12-31,497.189,-87.468,,1205.111,48.669,376.819,10.235
FANG,2016,2016-12-31,128.49,75.077,0.21447,-101.751,398.617,-66.029,-165.034,-164.908,2016-12-31,-164.716,0.192,,527.107,42.619,500.36799999999994,3.064
FANG,2015,2015-12-31,121.706,63.019,-0.33338,-740.269,325.027,-9.559,-550.628,-547.79,2015-12-31,-749.1,-201.31,,446.733,31.968,1065.296,0.728
FANG,2014,2014-12-31,91.31,53.297,3.63538,212.67,404.408,93.025,193.755,195.971,2014-12-31,304.956,108.985,,495.718,21.266,191.738,-0.739
FANG,2013,2013-12-31,35,42.3,1.29,95.2,173,-9.9,54.6,54.6,2013-12-31,86.3,31.8,,208,11,77.8,1.1
FANG,2012,2012-12-31,20.9,35.1,-1.04,17.3,54.1,-1.1,-36.5,-36.5,2012-12-31,18.4,54.9,,75,10.4,36.800000000000004,2.1
FANG,2011,2011-12-31,14.9,35.1,-0.01,15.1,34.5,-15.5,-0.4,-0.4,2011-12-31,-0.4,0,,49.4,3.7,19.300000000000004,0
FANG,2010,2010-12-31,6.9,35.1,0.23,9.2,20.4,-1,8.2,8.2,2010-12-31,8.2,0,,27.3,3,11.200000000000001,0
FANG,2009,2009-12-31,3.1,35.1,-0.08,1.3,9.6,-4,-2.7,-2.7,2009-12-31,-2.7,0,,12.7,5.1,8.3,
FANG,2008,2008-12-31,4.4,35.1,-0.31,-85,13.8,-8.9,-93.9,-93.9,2008-12-31,-93.9,0,,18.2,5.5,98.89999999999999,
DLR,2019,2019-12-31,1192.761,209.46225,1.12408,622.555,2016.48,-278.99,579.761,599.221,2019-12-31,611.216,11.995,,3209.241,211.097,1393.9250000000002,
DLR,2018,2018-12-31,1086.581,206.67347,1.04986,548.219,1959.897,-285.069,331.246,341.115,2018-12-31,343.199,2.084,,3046.478,175.069,1411.678,
DLR,2017,2017-12-31,883.63,174.8951,1.33777,453.285,1574.298,-229.471,248.259,256.267,2017-12-31,264.168,7.901,,2457.928,172.422,1121.013,
DLR,2016,2016-12-31,762.674,150.67969,1.24219,496.275,1379.539,-223.94,426.187,431.852,2016-12-31,442.237,10.385,,2142.213,162.225,883.2640000000001,
DLR,2015,2015-12-31,642.473,138.86542,1.0213,401.763,1120.863,-188.325,296.689,301.591,2015-12-31,308.042,6.451,,1763.336,114.358,719.1000000000001,
DLR,2014,2014-12-31,594.678,133.63724,1.11863,257.886,1021.76,-160.582,200.183,203.415,2014-12-31,208.653,5.238,,1616.438,101.831,763.8739999999999,
DLR,2013,2013-12-31,545.2,128.1,1.23,385.6,937.1,-179.5,314.5,320.4,2013-12-31,321.7,1.3,,1482.3,74.4,551.5,0.8
DLR,2012,2012-12-31,449.7,116,1.58,365.8,829.4,-147.1,210.3,216,2012-12-31,218.7,2.6,,1279.1,66.8,463.59999999999997,2.9
DLR,2011,2011-12-31,357.9,99.2,1.36,303.2,704.8,-141.1,156.3,162.1,2011-12-31,162.1,0,,1062.7,61.6,401.6,22.8
DLR,2010,2010-12-31,294.7,86,0.8,238.8,570.7,-131.5,102.3,105.4,2010-12-31,107.3,1.9,,865.4,55.3,331.90000000000003,1.8
DLR,2009,2009-12-31,212.2,77,0.64,177.8,424.9,-85.5,87.7,91.2,2009-12-31,92.3,1,,637.1,46.1,247.2,0.8
DLR,2008,2008-12-31,182.6,70.4,0.42,127.2,344.8,-56.6,67.7,70.5,2008-12-31,70.5,0,,527.4,43.6,217.70000000000002,1.6
DLR,2007,2007-12-31,135.9,62.6,0.08,86.9,259.3,-61.7,40.6,25.2,2007-12-31,25.2,0,,395.2,37.1,172.49999999999997,0.9
DLR,2006,2006-12-31,89.1,37.4,0.21,77,192.8,-50.5,31.4,26.6,2006-12-31,26.6,0,,281.9,24.2,115.80000000000001,1.1
DLR,2005,2005-12-31,65,24.2,0.25,65.1,143.8,-39.1,16.1,24.4,2005-12-31,24.4,0,,208.8,15.4,78.69999999999999,-1.6
DLR,2004,2004-12-31,28.3,20.8,0.22,21.6,78.8,-24.5,4.6,-5.7,2004-12-31,-5.7,0,,107.1,25.5,57.2,-2.8
DLR,2003,2003-12-31,13.3,52.9,0.31,29.3,49.8,-10.1,16.6,16.8,2003-12-31,16.8,0,,63.1,4.1,20.400000000000002,-2.5
DLR,2002,2002-12-31,7.8,52.9,0,6.6,17.8,-5.2,-0.1,0.1,2002-12-31,0.1,0,,25.6,3.5,11.099999999999998,-1.2
DFS,2019,2019-12-31,,320,9.0875,,,,2957,2957,2019-12-31,3835,878,,,,,
DFS,2018,2018-12-31,,345,7.7942,,,,2742,2742,2018-12-31,3597,855,,,,,
DFS,2017,2017-12-31,,374,5.93583,,,,2099,2288,2017-12-31,3537,1249,,,,,
DFS,2016,2016-12-31,,406,5.76108,,,,2393,2393,2016-12-31,3656,1263,,,,,
DFS,2015,2015-12-31,,438,5.12785,,,,2297,2297,2015-12-31,3612,1315,,,,,
DFS,2014,2014-12-31,,463,4.9,,,,2323,2323,2014-12-31,3694,1371,,,,,
DFS,2013,2013-12-31,,487,4.96,,,,2470,2470,2013-12-31,3944,1474,,,,,
DFS,2012,2012-12-31,,499,0.34,,,,170,170,2012-12-31,274,104,,,,,
DFS,2011,2012-11-30,,520,4.71,,,,2345,2345,2012-11-30,3753,1408,,,,,
DFS,2010,2011-11-30,,543,4.06,,,,2227,2227,2011-11-30,3511,1285,,,,,
DFS,2009,2010-11-30,,549,1.22,,,,765,765,2010-11-30,1269,504,,,,,
DFS,2008,2009-11-30,,508,0.17,,,,1276,1276,2009-11-30,2121,845,,,,,
DFS,2007,2008-11-30,,483,1.05,,,,928,1063,2008-11-30,1658,595,,,,,
DFS,2006,2007-11-30,,479,1.23,,,,589,589,2007-11-30,945,357,,,,,
DFS,2005,2006-11-30,,477,2.26,,,,1077,1077,2006-11-30,1582,506,,,,,
DFS,2004,2005-11-30,,477,1.21,,,,578,578,2005-11-30,924,346,,,,,
DFS,2003,2004-11-30,,527,1.47,,,,776,776,2004-11-30,1219,443,,,,,
DFS,2002,2003-11-30,,527,1.23,,,,649,649,2003-11-30,1027,378,,,,,
DFS,2001,2002-11-30,,527,1.41,,,,742,742,2002-11-30,1145,403,,,,,
DISCA,2019,2019-12-31,3752,711,3.22106,2981,7392,-691,2069,2213,2019-12-31,2294,81,,11144,2788,4411,4
DISCA,2018,2018-12-31,3505,688,1.9176,1934,7048,-908,594,681,2018-12-31,1022,341,,10553,2620,5114,-4
DISCA,2017,2017-12-31,2624,384,1.825,659,4249,-797,-337,-357,2017-12-31,-137,220,,6873,1768,3590,1
DISCA,2016,2016-12-31,2432,610,1.36155,1996,4065,-328,1194,1218,2016-12-31,1671,453,,6497,1690,2069,3
DISCA,2015,2015-12-31,2343,656,1.11439,1985,4051,-425,1034,1048,2015-12-31,1559,511,,6394,1669,2066,-1
DISCA,2014,2014-12-31,2124,687,1.71237,2061,4141,-305,1138,1137,2014-12-31,1747,610,,6265,1692,2080,-9
DISCA,2013,2013-12-31,1689,361,2.97,1998,3846,-258,1075,1077,2013-12-31,1736,659,,5535,1575,1848,-4
DISCA,2012,2012-12-31,1218,380,2.52,1855,3269,-336,943,956,2012-12-31,1518,562,,4487,1291,1414,-1
DISCA,2011,2011-12-31,1233,405,2.62,1799,3002,-244,1132,1134,2011-12-31,1559,425,,4235,1183,1203,4
DISCA,2010,2010-12-31,1073,429,1.73,1224,2700,-289,653,647,2010-12-31,935,288,,3773,1185,1476,0
DISCA,2009,2009-12-31,1065,425,1.06,1235,2451,-239,560,559,2009-12-31,1031,472,,3516,1247,1216,35
DISCA,2008,2008-12-31,1024,322,0.95,1057,2419,-319,317,402,2008-12-31,754,352,,3443,1115,1362,16
DISCA,2007,2007-12-31,491,280,0.14,-168,216,142,-68,-68,2007-12-31,-9,59,,707,151,384,17
DISCA,2006,2006-12-31,454,280,0.08,-115,234,104,-46,-46,2006-12-31,-2,44,,688,177,349,9
DISCA,2005,2005-12-31,446,280,0.12,-1,249,80,33,33,2005-12-31,82,49,,695,174,250,4
DISCA,2004,2004-12-31,380,280,0.24,17,251,84,66,66,2004-12-31,101,35,,631,156,234,0
DISCA,2003,2003-12-31,301,280,-0.17,-2,205,-35,-52,-55,2003-12-31,-34,20,,506,132,208,3
DISCA,2002,2002-12-31,322,280,-0.2,-61,217,-84,-129,-111,2002-12-31,-141,-30,,539,128,279,5
DISH,2019,2019-12-31,8984.81,537.964,2.60219,1878.393,3822.874,54.417,1399.512,1492.569,2019-12-31,1943.927,451.358,,12807.684,1313.421,1944.4809999999998,11.117
DISH,2018,2018-12-31,9609.826,527.93533,2.97813,2151.364,4011.476,35.808,1575.091,1655.491,2018-12-31,2189.175,533.684,,13621.302,1151.831,1860.112000000001,2.003
DISH,2017,2017-12-31,10326.535,524.68638,2.26411,1566.295,4064.84,81.464,2098.689,965.407,2017-12-31,1650.087,684.68,,14391.375,1237.898,2498.545,2.328
DISH,2016,2016-12-31,10611.524,486.09865,3.16608,2319.261,4600.778,99.627,1497.939,1550.785,2016-12-31,2416.603,865.818,,15212.302,1339.167,2281.517,-2.285
DISH,2015,2015-12-31,11348.867,466.55579,1.93406,1428.372,3876.626,-182.933,802.374,842.026,2015-12-31,1235.196,393.17,,15225.493,1338.245,2448.253999999999,-10.243
DISH,2014,2014-12-31,10358.568,464.77871,2.03257,1824.451,4284.819,-609.883,944.693,928.902,2014-12-31,1205.742,276.84,,14643.387,1382.432,2460.3680000000004,-8.826
DISH,2013,2013-12-31,10288,461,2.55,1348,3616,-208,807,837,2013-12-31,1137,300,,13905,777,2269,-3
DISH,2012,2012-12-31,9978,455,2.51,1197,4289,-265,637,626,2012-12-31,933,307,,14266,1354,3092,1
DISH,2011,2011-12-31,8025,449,2.93,2928,6023,-526,1516,1516,2011-12-31,2411,895,,14048,2490,3095,8
DISH,2010,2010-12-31,7387,448,2.52,1941,5254,-417,985,985,2010-12-31,1542,557,,12641,2104,3313,19
DISH,2009,2009-12-31,7023,450,1.91,1387,4641,-372,636,635,2009-12-31,1013,377,,11664,1953,3254,-2
DISH,2008,2008-12-31,6653,462,1.97,2056,4965,-319,903,903,2008-12-31,1569,666,,11617,1908,2908,-169
DISH,2007,2007-12-31,6083,459,1.71,1573,4970,-267,756,756,2007-12-31,1250,494,,11053,2071,3434,-56
DISH,2006,2006-12-31,5379,454,1.5,1217,4359,-332,608,608,2006-12-31,923,315,,9738,2014,3222,37
DISH,2005,2005-12-31,4636,486,3.03,1301,3697,-330,1515,1515,2005-12-31,1007,-507,,8333,1824,2488,36
DISH,2004,2004-12-31,4477,469,0.46,703,2573,-463,215,215,2004-12-31,226,12,,7051,1468,1971,-13
DISH,2003,2003-12-31,3488,490,0.46,708,2166,-487,225,225,2003-12-31,239,14,,5654,1146,1544,19
DISH,2002,2002-12-31,2892,482,0.01,-268,1826,-370,-882,-882,2002-12-31,-809,73,,4718,1135,2197,-171
DISH,2001,2001-12-31,2488,479,-0.45,212,1389,-274,-215,-215,2001-12-31,-214,1,,3877,1023,1301,-153
DISH,2000,2000-12-31,1493,473,-1.32,-424,1222,-188,-621,-621,2000-12-31,-621,1,,2715,1461,1646,-8
DISH,1999,1999-12-31,905,418,-1.27,-347,698,-175,-793,-524,1999-12-31,-524,0,,1603,932,1045,-1
DISH,1998,1998-12-31,585,361,-0.77,-123,397,-137,-261,-261,1998-12-31,-261,0,,983,418,521,-1
DISH,1997,1997-12-31,279,337,-0.59,-224,198,-87,-313,-313,1997-12-31,-313,0,,477,249,423,-1
DISH,1996,1996-12-31,153,326,-0.26,-109,58,-46,-101,-101,1996-12-31,-156,-55,,211,124,168,0
DISH,1995,1995-12-31,130,286,-0.04,-8,34,-10,-11,-11,1995-12-31,-17,-6,,164,39,42,1
DISH,1994,1994-12-31,145,261,0,13,46,-21,0,0,1994-12-31,0,0,,191,30,33,9
DISH,1993,1993-12-31,171,259,0.05,18,50,-1,12,12,1993-12-31,19,6,,221,30,32,1
DISH,1992,1992-12-31,127,259,0.03,11,38,-1,8,8,1992-12-31,11,4,,165,26,27,1
DG,2020,2020-01-31,19264.912,258.053,6.74074,2302.304,8489.061,-100.574,1712.555,1712.555,2020-01-31,2201.73,489.175,,27753.973,6152.157,6186.757000000001,0
DG,2019,2019-02-01,17821.173,266.105,5.93923,2116.306,7803.87,-99.871,1589.472,1577.25,2019-02-01,2015.416,438.166,,25625.043,5683.464,5687.564000000002,-1.019
DG,2018,2018-02-02,16249.608,273.362,4.51133,2007.818,7221.359,-97.036,1538.96,1228.204,2018-02-02,1907.28,679.076,,23470.967,5205.741,5213.541000000001,-3.502
DG,2017,2017-02-03,15203.96,282.261,4.44675,2063.449,6782.638,-97.821,1251.133,1251.133,2017-02-03,1965.628,714.495,,21986.598,4712.889,4719.189000000002,0
DG,2016,2016-01-29,14062.471,295.211,3.97216,1940.294,6306.091,-86.944,1165.08,1165.08,2016-01-29,1853.024,687.944,,20368.562,4353.797,4365.7970000000005,-0.326
DG,2015,2015-01-30,13107.081,305.681,3.5148,1769.093,5802.507,-88.232,1065.345,1065.345,2015-01-30,1680.861,615.516,,18909.588,4033.414,4033.413999999999,0
DG,2014,2014-01-31,12068,324,3.18,1736,5436,-89,1025,1025,2014-01-31,1628,603,,17504,3700,3700,-19
DG,2013,2013-02-01,10937,334,2.91,1655,5085,-128,953,953,2013-02-01,1497,545,,16022,3430,3430,-30
DG,2012,2012-02-03,10109,345,2.33,1491,4698,-205,767,767,2012-02-03,1225,459,,14807,3207,3207,-61
DG,2011,2011-01-28,8858,345,1.85,1274,4177,-274,628,628,2011-01-28,985,357,,13035,2902,2903,-15
DG,2010,2010-01-29,8107,325,1.17,953,3690,-346,339,339,2010-01-29,552,213,,11796,2737,2736,-56
DG,2009,2009-01-30,7397,318,0.4,580,3061,-389,108,108,2009-01-30,194,86,,10458,2449,2480,3
DG,2008,2008-02-01,6852,317,0.17,255,2643,-254,-13,-13,2008-02-01,-3,10,,9495,2285,2388,-4
DG,2007,2007-02-02,6802,314,0.44,248,2368,-28,138,138,2007-02-02,220,82,,9170,2120,2120,0
DG,2006,2006-02-03,6117,324,1.08,562,2465,-17,350,350,2006-02-03,545,194,,8582,1903,1903,0
DG,2005,2005-01-28,5398,332,1.04,557,2263,-22,344,344,2005-01-28,535,191,,7661,1706,1706,
DG,2004,2004-01-30,4854,338,0.91,511,2018,-32,301,301,2004-01-30,480,179,,6872,1497,1507,
DG,2003,2003-01-31,4376,335,0.73,457,1724,-43,265,265,2003-01-31,415,150,,6100,1297,1267,
DG,2002,2002-02-01,3813,335,0.62,374,1509,-46,208,208,2002-02-01,328,120,,5323,1136,1136,
DG,2001,2001-02-02,3300,334,0.53,154,1251,-45,71,71,2001-02-02,109,38,,4551,935,1097,
DG,2000,2000-01-28,2790,338,0.65,349,1098,-5,219,219,2000-01-28,344,125,,3888,748,749,
DG,1999,1999-01-29,2315,369,0.49,289,906,-8,182,182,1999-01-29,281,99,,3221,617,617,
DG,1998,1998-01-30,1885,368,0.39,236,742,-4,145,145,1998-01-30,232,87,,2627,507,507,
DG,1997,1997-01-31,1530,370,0.31,190,605,-5,115,115,1997-01-31,185,70,,2134,415,415,
DG,1996,1996-01-31,1261,368,0.24,149,504,-7,88,88,1996-01-31,142,54,,1764,355,354,
DG,1995,1995-01-31,1028,362,0.2,121,421,-3,74,74,1995-01-31,118,45,,1449,300,300,
DG,1994,1994-01-31,807,353,0.14,80,326,-2,49,49,1994-01-31,78,29,,1133,246,246,
DG,1993,1993-01-31,654,348,0.1,61,267,-3,36,36,1993-01-31,58,23,,921,206,206,
DG,1992,1992-01-31,539,337,0.06,38,215,-3,22,22,1992-01-31,35,13,,754,178,178,
DG,1991,1991-01-31,466,322,0.05,28,187,-5,15,15,1991-01-31,23,8,,653,159,159,
DG,1990,1990-01-31,434,321,0.04,26,181,-6,12,12,1990-01-31,20,8,,615,155,155,
DG,1989,1989-01-31,439,321,0.03,22,174,-6,10,10,1989-01-31,16,6,,613,152,152,
DG,1987,1987-12-31,423,331,0.02,18,165,-7,7,7,1987-12-31,12,5,,588,147,147,
DG,1986,1986-12-31,409,331,0.01,14,155,-7,4,4,1986-12-31,8,3,,565,141,141,
DG,1985,1985-12-31,412,331,0.05,42,173,-7,18,18,1985-12-31,35,17,,584,130,130,
DG,1984,1984-12-31,337,331,0.06,44,143,-4,21,21,1984-12-31,40,19,,481,99,99,
DG,1983,1983-12-31,244,330,0.05,31,103,-2,15,15,1983-12-31,30,15,,347,71,71,
DLTR,2020,2020-02-01,16570.1,238.3,4.57152,1262.2,7040.7,-162.1,827,827,2020-02-01,1098.7,271.7,,23610.8,5447.9,5778.5,-1.4
DLTR,2019,2019-02-02,15875.8,237.9,0.7995,-939.5,6947.5,-370,-1590.8,-1590.8,2019-02-02,-1309,281.8,,22823.3,5147,7887,0.5
DLTR,2018,2018-02-03,15223.6,237.7,4.91627,1999.1,7021.9,-301.8,1714.3,1152.3,2018-02-03,1704,551.7,,22245.5,4929.5,5022.800000000001,6.7
DLTR,2017,2017-01-28,14324.5,236.8,3.79659,1704.8,6394.7,-375.5,896.2,896.2,2017-01-28,1329.4,433.2,,20719.2,4610,4689.9000000000015,0.1
DLTR,2016,2016-01-30,10841.7,223.5,1.37856,1049.7,4656.7,-599.4,282.4,282.4,2016-01-30,448.2,165.8,,15498.4,3566.2,3607,-2.1
DLTR,2015,2015-01-31,5568.2,207,2.98569,1040.2,3034,-80.1,599.2,599.2,2015-01-31,954.2,355,,8602.2,1963.8,1993.8000000000002,-5.9
DLTR,2014,2014-02-01,5051,219,2.72,970,2790,-15,597,597,2014-02-01,954,358,,7840,1819,1819,-1
DLTR,2013,2013-02-02,4742,231,2.69,920,2653,-3,619,619,2013-02-02,979,360,,7395,1732,1732,62
DLTR,2012,2012-01-28,4252,242,2.02,782,2378,-3,488,488,2012-01-28,780,291,,6631,1595,1596,0
DLTR,2011,2011-01-29,3795,256,1.55,630,2088,-6,397,397,2011-01-29,630,233,,5882,1457,1457,6
DLTR,2010,2010-01-30,3374,270,1.19,513,1857,-5,321,321,2010-01-30,508,187,,5231,1343,1344,0
DLTR,2009,2009-01-31,3053,272,0.85,366,1592,-7,230,230,2009-01-31,359,130,,4645,1225,1226,0
DLTR,2008,2008-02-02,2782,289,0.7,330,1461,-11,201,201,2008-02-02,320,119,,4243,1130,1130,
DLTR,2007,2007-02-03,2612,311,0.62,311,1357,-8,192,192,2007-02-03,303,111,,3969,1046,1047,
DLTR,2006,2006-01-28,2222,326,0.53,283,1172,-8,174,174,2006-01-28,275,101,,3394,889,889,
DLTR,2005,2005-01-29,2013,340,0.53,294,1113,-6,180,180,2005-01-29,288,108,,3126,819,819,1
DLTR,2004,2004-01-31,1787,347,0.51,294,1013,-6,178,178,2004-01-31,289,111,,2800,719,719,1
DLTR,2003,2003-02-01,114,343,-0.02,-8,47,0,-11,-5,2003-02-01,-9,-3,,161,55,55,0
DLTR,2002,2002-12-31,1481,344,0.45,254,848,-1,155,155,2002-12-31,251,97,,2329,594,594,-1
DLTR,2001,2001-12-31,1271,339,0.37,204,716,-2,123,123,2001-12-31,200,77,,1987,458,512,-2
DLTR,2000,2000-12-31,1063,335,0.37,203,625,-4,122,122,2000-12-31,199,77,,1688,375,422,0
DLTR,1999,1999-12-31,746,307,0.32,162,451,-3,99,99,1999-12-31,160,61,,1198,260,290,
DLTR,1998,1998-12-31,571,302,0.24,118,348,-4,69,69,1998-12-31,113,45,,919,204,230,
DLTR,1997,1997-12-31,397,291,0.17,82,238,-3,49,49,1997-12-31,79,30,,635,143,157,
DLTR,1996,1996-12-31,311,285,0.12,60,182,-5,34,34,1996-12-31,55,21,,493,111,122,
DLTR,1995,1995-12-31,188,277,0.08,37,113,-3,21,21,1995-12-31,34,13,,300,71,76,
DLTR,1994,1994-12-31,145,276,0.05,27,86,-4,12,13,1994-12-31,23,10,,232,55,60,
DLTR,1993,1993-12-31,106,276,0.04,14,61,-2,8,8,1993-12-31,13,5,,168,40,47,
DLTR,1992,1992-12-31,76,276,0.02,12,44,-1,7,7,1992-12-31,11,4,,121,30,32,
DLTR,1991,1992-01-31,46,276,0.01,5,25,-1,2,2,1992-01-31,4,1,,71,18,20,
DLTR,1990,1991-01-31,34,276,0,3,18,-2,1,1,1991-01-31,2,1,,52,13,15,
D,2019,2019-12-31,88,808.9,3.62877,2523,,-1614,1358,1376,2019-12-31,1727,351,,15090,123,13961,818
D,2018,2018-12-31,122,654.9,3.83581,3601,,-1296,2447,2595,2018-12-31,3129,534,,12153,,9643,824
D,2017,2017-12-31,6,636,3.22496,3937,,-1191,2999,2269,2017-12-31,3090,821,,12122,,8643,344
D,2016,2016-12-31,99,617.1,3.41148,3448,,-899,2123,2212,2016-12-31,2867,655,,11357,,8190,318
D,2015,2015-12-31,330,593.7,3.19859,3536,,-904,1899,1923,2015-12-31,2828,905,,11275,,7817,196
D,2014,2014-12-31,361,585,2.24,2721,,-1193,1310,1326,2014-12-31,1778,452,,11927,,9354,250
D,2013,2013-12-31,1689,580,3.09,3316,,-877,1697,1812,2013-12-31,2704,892,,12492,,8115,265
D,2012,2012-12-31,1564,574,0.92,1156,,-882,302,351,2012-12-31,497,146,,12566,,10373,223
D,2011,2011-12-31,2218,575,2.98,2861,,-869,1408,1426,2011-12-31,2171,745,,13876,,9300,179
D,2010,2010-12-31,2503,590,1.65,5700,,-832,2808,2980,2010-12-31,5037,2057,,14763,,6994,169
D,2009,2009-12-31,2792,594,2.72,2629,,-894,1287,1304,2009-12-31,1916,612,,14695,,9710,181
D,2008,2008-12-31,3869,581,3.47,3626,,-853,1834,1836,2008-12-31,2715,879,,16095,,8795,-58
D,2007,2007-12-31,3457,655,0.78,5567,,-1175,2539,2711,2007-12-31,4494,1783,,15432,,6650,102
D,2006,2006-12-31,4440,703,2.22,3345,,-1030,1380,1569,2006-12-31,2489,920,,15925,,8697,174
D,2005,2005-12-31,5837,689,1.5,2439,,-991,1033,1034,2005-12-31,1616,582,,17640,,9765,168
D,2004,2004-12-31,4521,661,1.91,2717,,-939,1249,1264,2004-12-31,1964,700,,12371,,6734,186
D,2003,2003-12-31,3250,638,1.49,2561,,-975,318,949,2003-12-31,1546,597,,11225,,6267,-40
D,2002,2002-12-31,2009,565,2.4,2885,,-945,1362,1362,2002-12-31,2043,681,,9566,,5324,103
D,2001,2001-12-31,2721,505,1.2,1785,,-997,544,544,2001-12-31,914,370,,9665,,6052,126
D,2000,2000-12-31,2493,472,1.56,1529,,-1024,436,417,2000-12-31,600,183,,7898,,5238,95
D,1999,1999-12-31,809,383,1.41,1311,,-574,296,569,1999-12-31,828,259,,4274,0,3400,91
D,1998,1998-12-31,806,390,1.09,1091,,-648,536,563,1998-12-31,869,306,,5294,655,4189,93
D,1997,1997-12-31,718,370,1.18,1477,,-675,399,446,1997-12-31,679,233,,7049,1466,5483,-123
D,1996,1996-12-31,701,357,1.5,1104,,-430,472,472,1996-12-31,685,213,,4383,,3037,10
D,1995,1995-12-31,688,348,1.47,1026,,-426,425,425,1995-12-31,607,182,,4350,,2938,7
D,1994,1994-12-31,,341,1.4,1038,,-403,478,478,1994-12-31,649,171,,4171,0,3453,14
D,1993,1993-12-31,,331,1.56,1127,,-416,517,517,1993-12-31,727,210,,4434,0,3307,15
D,1992,1992-12-31,,322,1.33,1029,,-419,445,429,1992-12-31,633,204,,3791,0,2762,23
D,1991,1991-12-31,,313,1.47,1095,,-466,460,460,1991-12-31,671,211,,3786,0,2691,41
D,1990,1990-12-31,,305,1.46,1050,,-485,446,446,1990-12-31,642,196,,3533,0,2482,77
D,1989,1989-12-31,,298,1.38,1004,,-468,411,411,1989-12-31,577,166,,3662,0,2658,40
D,1988,1988-12-31,,291,1.51,901,,-412,438,438,1988-12-31,563,124,,3271,0,2370,73
D,1987,1987-12-31,,285,1.51,681,,,431,431,1987-12-31,681,251,,3251,176,2570,
D,1986,1986-12-31,,278,1.36,700,,,380,380,1986-12-31,700,321,,3072,185,2371,
D,1985,1985-12-31,,266,0.47,640,,,124,124,1985-12-31,366,242,,2712,144,2072,-274
D,1984,1984-12-31,,254,1.15,764,,,293,293,1984-12-31,499,205,,2605,,1840,-266
D,1983,1983-12-31,,244,1.04,470,,,253,253,1983-12-31,456,204,,2612,0,2142,-13
