symbol,year,period,costOfGoodsSold,dilutedAverageSharesOutstanding,dilutedEPS,ebit,grossIncome,interestIncomeExpense,netIncome,netIncomeAfterTaxes,period,pretaxIncome,provisionforIncomeTaxes,researchDevelopment,revenue,sgaExpense,totalOperatingExpense,totalOtherIncomeExpenseNet
DPZ,2019,2019-12-29,2216.275,41.92306,9.60834,629.407,1402.499,-146.77,400.709,400.709,2019-12-29,482.637,81.928,,3618.774,773.092,773.0920000000001,
DPZ,2018,2018-12-30,2130.188,43.33128,8.27165,571.689,1302.679,-143.011,361.972,361.972,2018-12-30,428.678,66.706,,3432.867,730.99,730.9899999999998,
DPZ,2017,2017-12-31,1921.988,47.67783,5.88372,521.232,865.991,-121.079,277.905,277.905,2017-12-31,400.153,122.248,,2787.979,344.759,344.7589999999998,
DPZ,2016,2017-01-01,1704.937,49.92386,4.31088,454.042,767.691,-109.384,214.678,214.678,2017-01-01,344.658,129.98,,2472.628,313.649,313.6490000000001,
DPZ,2015,2016-01-03,1533.397,55.53296,3.4752,405.439,683.131,-99.224,192.789,192.789,2016-01-03,306.215,113.426,,2216.528,277.692,277.692,
DPZ,2014,2014-12-28,1399.067,56.93123,2.84363,345.361,594.766,-86.738,162.587,162.587,2014-12-28,258.623,96.036,,1993.833,249.405,249.40499999999997,
DPZ,2013,2013-12-29,1253.2,57.7,2.48,313.8,549,-88.7,143,143,2013-12-29,225.1,82.1,,1802.2,235.2,235.20000000000005,
DPZ,2012,2012-12-30,1177.1,59,1.91,282.3,501.3,-101.1,112.4,112.4,2012-12-30,181.2,68.8,,1678.4,219,219,0
DPZ,2011,2012-01-01,1181.7,61.7,1.71,259.1,470.5,-91.3,105.4,105.4,2012-01-01,167.8,62.4,,1652.2,211.4,211.29999999999995,0
DPZ,2010,2011-01-02,1132.3,60.8,1.43,227.7,438.6,-96.6,87.9,87.9,2011-01-02,138.9,51,,1570.9,210.9,210.9000000000001,7.8
DPZ,2009,2010-01-03,1017.1,57.8,0.92,189.5,387,-110.3,79.7,79.7,2010-01-03,135.5,55.8,,1404.1,197.5,197.39999999999998,56.3
DPZ,2008,2008-12-28,1061.9,58.3,0.75,195,363.3,-112.2,54,54,2008-12-28,82.9,28.9,,1425.1,168.2,168.19999999999982,0
DPZ,2007,2007-12-30,1084,63.8,1.03,193.9,378.9,-125.1,37.9,37.9,2007-12-30,55.6,17.7,,1462.9,184.9,185,-13.3
DPZ,2006,2006-12-31,1052.8,64.5,1.56,214.2,384.5,-53.8,106.2,106.2,2006-12-31,160.4,54.2,,1437.3,170.3,170.29999999999995,0
DPZ,2005,2006-01-01,1126.3,68.7,1.43,199.1,385.3,-47.9,108.3,108.3,2006-01-01,173.3,65,,1511.6,186.2,186.20000000000005,22.1
DPZ,2004,2005-01-02,1092.8,76.9,0.81,171.4,353.7,-60.5,62.3,62.3,2005-01-02,100.1,37.8,,1446.5,182.3,182.29999999999995,-10.8
DPZ,2003,2003-12-28,992.1,65.7,-0.06,159.5,341.2,-74.3,39,39,2003-12-28,62.4,23.4,,1333.3,181.8,181.69999999999993,-22.7
DPZ,2002,2002-12-29,939,65.7,0.65,157.8,336,-59.8,60.5,60.5,2002-12-29,96.2,35.7,,1275,178.2,178.20000000000005,-1.8
DPZ,2001,2001-12-30,937.9,65.7,0.32,127.1,320.4,-66.6,36.8,36.8,2001-12-30,60.3,23.5,,1258.3,193.3,193.30000000000007,-0.2
DOV,2019,2019-12-31,4506.549,146.992,5.14431,951.351,2629.848,-121.292,677.918,677.918,2019-12-31,843.009,165.091,,7136.397,1581.186,1678.4970000000003,12.95
DOV,2018,2018-12-31,4415.641,152.133,4.16927,843.112,2576.477,-122.091,570.267,586.945,2018-12-31,725.378,138.433,,6992.118,1674.862,1733.3650000000007,4.357
DOV,2017,2017-12-31,4275.181,157.744,3.65089,1010.021,2545.705,-129.557,811.665,695.763,2017-12-31,875.815,180.052,,6820.886,1686.559,1535.6840000000002,-4.649
DOV,2016,2016-12-31,3810.337,156.636,2.87048,805.57,2232.887,-125.617,508.892,502.128,2016-12-31,684.644,182.516,,6043.224,1498.91,1427.3170000000005,4.691
DOV,2015,2015-12-31,4366.973,159.172,3.98493,924.362,2589.338,-125.657,869.829,595.881,2015-12-31,800.61,204.729,,6956.311,1613.372,1664.9759999999997,1.905
DOV,2014,2014-12-31,4758.8,168.8,4.8,1215.5,2993.9,-125.1,775.2,778.1,2014-12-31,1094.2,316.1,,7752.7,1733.6,1778.3999999999996,3.8
DOV,2013,2013-12-31,5377.9,173.5,5.68,1353.9,3351.9,-114.6,1003.1,965.8,2013-12-31,1237.4,271.6,,8729.8,1972,1998,-1.9
DOV,2012,2012-12-31,4993.3,184,4.61,1265.4,3111,-121.1,811.1,833.1,2012-12-31,1137.6,304.5,,8104.3,1826.2,1845.6999999999998,-6.7
DOV,2011,2011-12-31,4896,188.9,4.5,1210.8,3054.1,-115.6,895.2,846.4,2011-12-31,1095.2,248.8,,7950.1,1837.6,1843.3000000000002,-0.1
DOV,2010,2010-12-31,4397.8,189.2,3.77,1034.9,2734.8,-106.3,700.1,707.9,2010-12-31,925.1,217.2,,7132.6,1693.7,1699.8999999999996,-3.5
DOV,2009,2009-12-31,3654.6,186.7,2.28,588,2121.1,-100.4,356.4,371.9,2009-12-31,491.6,119.7,,5775.7,1461,1533.0000000000005,4
DOV,2008,2008-12-31,4838.9,189.3,3.78,1029.3,2730,-96,590.8,694.8,2008-12-31,946,251.3,,7568.9,1673.3,1700.7000000000007,12.7
DOV,2007,2007-12-31,4604.4,202.9,3.22,980.7,2621.7,-89,661.1,653.3,2007-12-31,887.6,234.3,,7226.1,1641,1641,-4.1
DOV,2006,2006-12-31,4163.6,205.5,2.94,911.8,2348,-77,561.8,603.3,2006-12-31,822.9,219.5,,6511.6,1436.2,1436.1999999999998,-12
DOV,2005,2005-12-31,3999,204.2,2.32,700.5,2079.4,-72.2,510.1,474.5,2005-12-31,643.6,169.1,,6078.4,1378.9,1378.8999999999996,15.3
DOV,2004,2004-12-31,3593.7,204.8,2,612.2,1894.4,-61.3,412.8,409.1,2004-12-31,552.1,143,,5488.1,1282.2,1282.1999999999998,1.2
DOV,2003,2003-12-31,2892.9,203.6,1.49,443.8,1520.4,-62.2,292.9,285.2,2003-12-31,371.9,86.7,,4413.3,1076.7,1076.6,-9.7
DOV,2002,2002-12-31,2823.3,203.3,1.25,341.6,1360.3,-64.8,-121.3,211.1,2002-12-31,269.7,58.5,,4183.7,1018.7,1018.6999999999998,-7.1
DOV,2001,2001-12-31,3064.3,204,1.07,299,1395.4,-75.3,248.5,166.8,2001-12-31,238.4,71.6,,4459.7,1096.3,1096.3999999999996,14.7
DOV,2000,2000-12-31,3433.5,204.7,2.81,843.2,1967.2,-88.5,519.6,533.2,2000-12-31,772.3,239.1,,5400.7,1124,1124,7.1
DOV,1999,1999-12-31,2838,210.7,2.09,635.4,1608.5,-34.9,929,405.1,1999-12-31,615,210,,4446.4,973,973,4.2
DOV,1998,1998-12-31,2551.4,224.4,1.6,532,1426.3,-46.4,378.8,326.4,1998-12-31,488.6,162.2,,3977.7,894.3,894.2999999999997,3.1
DOV,1997,1997-12-31,2975.9,226.8,1.91,612.7,1571.7,-37,405.4,405.4,1997-12-31,616.8,211.4,,4547.7,959.1,959.0999999999999,41.1
DOV,1996,1996-12-31,2709.7,230.5,1.77,538.7,1366.6,-23.5,390.2,390.2,1996-12-31,588.7,198.5,,4076.3,828,827.9000000000001,73.5
DOV,1995,1995-12-31,2564.3,227.8,1.22,438.4,1181.5,-20.1,278.3,278.3,1995-12-31,417.1,138.8,,3745.9,743.1,743.1999999999998,-1.2
DOV,1994,1994-12-31,2137.5,228.7,0.88,325.4,947.8,-36.5,202.4,202.4,1994-12-31,306.9,104.5,,3085.3,622.4,622.4000000000001,18
DOV,1993,1993-12-31,1733.3,228.4,0.69,253.9,750.7,-22.3,158.3,158.3,1993-12-31,245.5,87.3,,2483.9,496.8,496.79999999999995,14
DOV,1992,1992-12-31,1601.6,232,0.56,203.2,670,-20.1,129.7,129.1,1992-12-31,200.3,71.2,,2271.6,466.8,466.8000000000002,17.2
DOV,1991,1991-12-31,1580.1,239,0.54,163.3,615.7,-23.2,128.2,128.2,1991-12-31,204.1,75.9,,2195.8,452.4,452.3000000000002,63.9
DOV,1990,1990-12-31,1516.8,244.7,0.64,253.3,693.6,-30.7,155.7,155.7,1990-12-31,244.1,88.4,,2210.3,440.3,440.29999999999995,21.5
DOV,1989,1989-12-31,1480.9,253,0.57,235.5,639.6,-29.6,144,144,1989-12-31,227,83,,2120.4,404,404,21.1
DOV,1988,1988-12-31,1363.9,262.9,0.55,229.8,589.9,-21.3,145.8,145.8,1988-12-31,224.8,79,,1953.8,363,360.0999999999999,16.3
DOV,1987,1987-12-31,1096.6,270.2,0.41,184.8,491.6,-15,111.7,111.7,1987-12-31,180.9,69.2,,1588.2,306.8,306.8000000000002,11.1
DOV,1986,1986-12-31,1028.4,277.2,0.3,141.9,412.4,-16.5,83.8,83.8,1986-12-31,134.5,50.6,,1440.7,270.4,270.39999999999986,9
DOV,1985,1985-12-31,1028.5,283.2,0.35,160.8,411,-12.7,100,100,1985-12-31,160.1,60.1,,1439.5,250.2,250.20000000000005,11.9
DOV,1984,1984-12-31,896.6,285.1,0.35,176,391.9,-10.3,100.5,100.5,1984-12-31,176.1,75.6,,1288.5,215.9,215.89999999999998,10.4
DOV,1983,1983-12-31,705.4,285,0.27,137.2,304.3,-2.9,77.5,77.5,1983-12-31,141.2,63.6,,1009.7,167.1,167.10000000000002,6.8
DOW,2019,2019-12-31,36657,742.5,1.41084,-867,6294,-946,-1359,-1717,2019-12-31,-1247,470,765,42951,1590,7161,566
DOW,2018,2018-12-31,41074,747.2,5.16802,4133,8530,-426,4641,2940,2018-12-31,3749,809,800,49604,1782,4397,42
DOW,2017,2017-12-31,36350,744.8,0.98617,1072,7380,-454,465,-1287,2017-12-31,237,1524,803,43730,1795,6308,-381
DOW,2016,2016-12-31,37668,690.2,9.36095,3343,10490,-416,4318,4404,2016-12-31,4413,9,1593,48158,2953,7147,1486
DTE,2019,2019-12-31,,185,6.37988,1707,,-476,1169,1172,2019-12-31,1324,152,,,,10962,69
DTE,2018,2018-12-31,,181,6.43254,1594,,-409,1120,1139,2018-12-31,1216,77,,,,12618,3
DTE,2017,2017-12-31,,179,5.91665,1711,,-396,1134,1007,2017-12-31,1287,280,,,,10896,-51
DTE,2016,2016-12-31,,179,4.8675,1486,,-452,868,834,2016-12-31,1105,271,,,,9144,71
DTE,2015,2015-12-31,,179,4.51026,1239,,-437,727,720,2015-12-31,950,230,,,,9098,148
DTE,2014,2014-12-31,,177,5.06,1590,,-419,905,911,2014-12-31,1275,364,,12217,,10711,104
DTE,2013,2013-12-31,,175,3.74,1203,,-427,661,668,2013-12-31,922,254,,9628,,8458,146
DTE,2012,2012-12-31,,172,3.86,1279,,-430,610,674,2012-12-31,960,286,,8791,,7512,111
DTE,2011,2011-12-31,,170,4.19,1423,,-484,711,720,2011-12-31,987,267,,8897,,7474,48
DTE,2010,2010-12-31,,169,3.69,1464,,-537,630,639,2010-12-31,950,311,,8557,,7093,23
DTE,2009,2009-12-31,,164,3.16,1249,,-526,532,535,2009-12-31,782,247,,8014,,6765,59
DTE,2008,2008-12-31,,163,2.67,1263,,-484,546,531,2008-12-31,819,288,,9329,,8066,40
DTE,2007,2007-12-31,,170,1.15,1635,,-508,971,791,2007-12-31,1155,364,,8506,,6871,28
DTE,2006,2006-12-31,,178,2.8,828,,-479,433,187,2006-12-31,324,137,,9022,,8194,-25
DTE,2005,2005-12-31,,176,1.96,946,,-462,537,295,2005-12-31,497,202,,9022,,8076,13
DTE,2004,2004-12-31,,173,1.83,846,,-463,431,231,2004-12-31,396,165,,7114,,6268,13
DTE,2003,2003-12-31,,168,2.55,747,,-418,521,480,2003-12-31,357,-123,,7041,,6294,28
DTE,2002,2002-12-31,,165,3.84,1105,,-519,632,632,2002-12-31,573,-59,,6749,,5644,-13
DTE,2001,2001-12-31,,154,3.46,696,,-468,332,329,2001-12-31,219,-110,,7849,,7153,-9
DTE,2000,2000-12-31,,143,3.27,830,,-336,468,468,2000-12-31,477,9,,5597,,4767,-17
DTE,1999,1999-12-31,,145,3.33,901,,-340,483,483,1999-12-31,543,60,,4728,,3827,-18
DTE,1998,1998-12-31,,145,3.06,937,,-319,449,449,1998-12-31,603,154,,4221,,3284,-15
DTE,1997,1997-12-31,,145,2.88,1001,,-297,429,429,1997-12-31,686,257,,3764,,2763,-18
DTE,1996,1996-12-31,,145,2.74,837,,-287,325,325,1996-12-31,548,223,,3645,,2809,-2
DTE,1995,1995-12-31,,145,2.97,1029,,-287,434,434,1995-12-31,723,290,,3636,,2607,-19
DTE,1994,1994-12-31,,146,2.67,990,,-294,420,420,1994-12-31,691,271,,3519,,2529,-6
DTE,1993,1993-12-31,,147,3.34,1141,,-338,522,522,1993-12-31,819,297,,3555,,2414,16
DTE,1992,1992-12-31,,147,3.79,1256,,-396,588,588,1992-12-31,891,303,,3558,,2302,31
DTE,1991,1991-12-31,,147,3.64,1215,,-444,568,568,1991-12-31,839,271,,3592,,2377,68
DTE,1990,1990-12-31,,147,3.26,1107,,-479,514,514,1990-12-31,730,216,,3576,,2470,102
DTE,1989,1989-12-31,,147,2.65,880,,-466,426,426,1989-12-31,556,130,,3406,,2526,142
DTE,1988,1988-12-31,,147,-1.94,818,,-473,-379,-235,1988-12-31,-145,90,,3102,,2284,-490
DTE,1987,1987-12-31,,147,3.25,892,,-311,555,555,1987-12-31,714,159,,2857,,1965,134
DTE,1986,1986-12-31,,147,2.58,809,,-314,477,477,1986-12-31,604,127,,2869,,2060,109
DTE,1985,1985-12-31,,143,2.33,739,,-286,438,438,1985-12-31,562,125,,2788,,2049,110
DTE,1984,1984-12-31,,135,2.2,670,,-269,402,402,1984-12-31,533,131,,2498,,1828,132
DTE,1983,1983-12-31,,120,2.21,628,,-213,365,365,1983-12-31,510,146,,2310,,1682,95
DUK,2019,2019-12-31,7453,729,5.07668,5709,,-1872,3748,3578,2019-12-31,4097,519,,25079,,11917,260
DUK,2018,2018-12-31,7528,708,5.42275,4685,,-1770,2666,2645,2018-12-31,3073,428,,24521,,12308,158
DUK,2017,2017-12-31,6982,700,4.72871,5625,,-1617,3059,2958,2017-12-31,4266,1308,,23565,,10958,258
DUK,2016,2016-12-31,6890,691,3.69578,5202,,-1710,2152,2578,2016-12-31,3734,1156,,22743,,10651,242
DUK,2015,2015-12-31,7496,694,4.11655,5048,,-1274,2816,2654,2015-12-31,3910,1256,,22371,,9827,106
DUK,2014,2014-12-31,7917,707,3.64906,4832,,-1248,1883,2538,2014-12-31,3763,1225,,22509,,9760,169
DUK,2013,2013-12-31,7362,706,4.71,4998,,-1259,2665,2659,2013-12-31,3920,1261,,24598,,12238,97
DUK,2012,2012-12-31,264,575,4.32,3110,,-749,1768,1746,2012-12-31,2451,705,,19624,,16250,52
DUK,2011,2011-12-31,348,444,4.41,2769,,-384,1706,1713,2011-12-31,2465,752,,14529,,11412,61
DUK,2010,2010-12-31,381,440,4.77,2308,,-422,1320,1320,2010-12-31,2210,890,,14272,,11583,68
DUK,2009,2009-12-31,433,431,3.48,2213,,-428,1075,1073,2009-12-31,1831,758,,12731,,10085,31
DUK,2008,2008-12-31,613,422,3.09,2429,,-729,1362,1279,2008-12-31,1895,616,,13207,,10165,135
DUK,2007,2007-12-31,557,422,3.62,2498,,-324,1500,1522,2007-12-31,2234,712,,12720,,9665,65
DUK,2006,2006-12-31,1829,396,4.66,2967,,-386,1863,2019,2006-12-31,2862,843,,15184,,10388,281
DUK,2005,2005-12-31,6279,323,6.99,3425,,295,1824,2533,2005-12-31,3816,1283,,16746,,7042,96
DUK,2004,2004-12-31,11335,322,4.42,2822,,-1195,1490,1232,2004-12-31,1772,540,,22503,,8346,145
DUK,2003,2003-12-31,11568,301,3.97,-824,,-1042,-1323,-1005,2003-12-31,-1712,-707,,22529,,11785,154
DUK,2002,2002-12-31,5348,279,3.98,2500,,-965,1034,1034,2002-12-31,1652,618,,15663,,7815,117
DUK,2001,2001-12-31,48536,258,7.69,4100,,-1112,1898,1994,2001-12-31,3144,1150,,59503,,6867,156
DUK,2000,2000-12-31,39670,246,7.13,3813,,-1218,1776,1776,2000-12-31,2796,1020,,49318,,5835,201
DUK,1999,1999-12-31,14143,245,3.38,1795,,-743,1507,847,1999-12-31,1300,453,,21742,,5804,248
DUK,1998,1998-12-31,10413,241,5.13,2433,,-610,1252,1260,1998-12-31,2037,777,,17610,,4764,214
DUK,1997,1997-12-31,9665,241,3.74,1970,,-495,974,974,1997-12-31,1613,639,,16309,,4674,138
DUK,1996,1996-12-31,379,136,5.05,1362,,-283,730,730,1996-12-31,1206,476,,4758,,3017,127
DUK,1995,1995-12-31,468,137,4.87,1349,,-289,715,715,1995-12-31,1181,466,,4677,,2860,121
DUK,1994,1994-12-31,553,137,4.31,1180,,-270,639,639,1994-12-31,1036,397,,4489,,2756,126
DUK,1993,1993-12-31,535,137,4.2,1208,,-274,626,626,1993-12-31,1036,410,,4466,,2723,103
DUK,1992,1992-12-31,539,137,3.31,1035,,-313,508,508,1992-12-31,812,304,,4123,,2548,90
DUK,1991,1991-12-31,546,136,3.9,1000,,-274,584,584,1991-12-31,877,293,,3817,,2271,151
DUK,1990,1990-12-31,565,135,3.6,908,,-251,538,538,1990-12-31,804,266,,3705,,2232,147
DUK,1989,1989-12-31,568,135,3.84,1012,,-235,572,572,1989-12-31,879,308,,3693,,2113,102
DUK,1988,1988-12-31,587,135,2.92,902,,-228,550,448,1988-12-31,720,272,,3627,,2138,46
DUK,1987,1987-12-31,581,135,3.3,1054,,-231,500,500,1987-12-31,897,396,,3706,,2070,73
DUK,1986,1986-12-31,378,135,3.03,1022,,-245,468,468,1986-12-31,905,438,,3401,,2001,128
DUK,1985,1985-12-31,107,135,2.79,916,,-254,438,438,1985-12-31,825,388,,2899,,1876,164
DUK,1984,1984-12-31,-36,134,2.99,964,,-280,461,461,1984-12-31,864,403,,2710,,1782,180
DUK,1983,1983-12-31,-20,130,2.83,779,,-231,431,431,1983-12-31,761,330,,2420,,1661,213
DRE,2019,2019-12-31,329.072,367.339,0.54135,520.7,644.687,-79.815,428.972,432.199,2019-12-31,440.885,8.686,,973.759,60.889,123.98700000000002,
DRE,2018,2018-12-31,352.253,363.297,0.47691,459.968,595.617,-67.772,383.729,383.368,2018-12-31,392.196,8.828,,947.87,56.218,135.649,
DRE,2017,2017-12-31,263.003,362.011,0.62386,362.517,517.931,-72.282,1634.431,290.592,2017-12-31,290.235,-0.357,,780.934,34.937,155.414,
DRE,2016,2016-12-31,253.728,357.076,0.54821,399.378,476.783,-108.722,312.143,298.421,2016-12-31,297.832,-0.589,,730.511,29.09,77.40499999999997,
DRE,2015,2015-12-31,308.297,352.197,0.26165,326.41,483.879,-133.591,615.31,188.248,2015-12-31,184.32,-3.928,,792.176,58.565,157.469,
DRE,2014,2014-12-31,504.2,340.4,0.31,444.6,660.5,-218.4,243.6,226,2014-12-31,225.1,-0.8,,1164.7,49.4,215.90000000000003,
DRE,2013,2013-12-31,469.2,326.7,-0.06,286.6,612.6,-227,190.6,61.5,2013-12-31,56.5,-5.1,,1081.8,42.7,326.00000000000006,
DRE,2012,2012-12-31,530.5,267.9,-0.52,161,579,-244.7,-74,-87.8,2012-12-31,-87.9,-0.1,,1109.4,46.4,418,
DRE,2011,2011-12-31,740.3,252.7,-0.43,219.4,534,-222.4,95.6,-4,2011-12-31,-4.2,-0.2,,1274.3,43.1,314.60000000000014,-1.2
DRE,2010,2010-12-31,812.1,238.9,-0.26,211.4,581.5,-238.8,65.8,29.5,2010-12-31,28.4,-1.1,,1393.6,41.3,370.1,55.8
DRE,2009,2009-12-31,760.7,201.2,-0.82,-63.1,583.4,-219,-260.2,-277.1,2009-12-31,-283.1,-6.1,,1344.1,47.9,646.5,-1.1
DRE,2008,2008-12-31,680,155,0.32,82.3,595.5,,114,99,2008-12-31,99,0,,1275.5,39.5,605.5999999999999,4
DRE,2007,2007-12-31,521.7,149.6,0.52,123.4,553.3,12.1,279.5,169,2007-12-31,169,0,,1075,37.7,525,47.3
DRE,2006,2006-12-31,552.2,134.9,0.64,145.4,537.1,10.5,204.1,163.6,2006-12-31,163.6,0,,1089.2,35.8,495.89999999999986,36.9
DRE,2005,2005-12-31,589,141.5,0.56,131.7,514.2,5.8,355.7,150.6,2005-12-31,150.6,0,,1103.2,27.8,415.70000000000005,-1.2
DRE,2004,2004-12-31,570.4,157.1,0.82,163,570.8,5.2,188.7,177.9,2004-12-31,177.9,0,,1141.2,26.4,432.6,-0.6
DRE,2003,2003-12-31,260.4,135.6,0.97,184.7,505.7,3.6,199.2,203.3,2003-12-31,203.3,0,,766.2,22.1,344.80000000000007,-0.7
DRE,2002,2002-12-31,238.8,150.8,1.16,224,514.1,3.8,206.3,227.6,2002-12-31,227.6,0,,752.9,25.4,317.3,0.2
DRE,2001,2001-12-31,237.4,151.7,1.45,277.3,535,5.3,282.4,325.7,2001-12-31,325.7,0,,772.4,15.6,289.20000000000005,-2.6
DRE,2000,2000-12-31,239,147.4,1.27,240.6,541,6.9,261.9,304.6,2000-12-31,304.6,0,,780.1,21.1,315,-1
DRE,1999,1999-12-31,178.8,120.5,1.24,196.7,398,2.7,182.2,208.3,1999-12-31,208.3,0,,576.8,16.6,214.09999999999997,-1.1
DRE,1998,1998-12-31,111.2,92.5,1.1,121.6,250.2,1.6,110.7,124.2,1998-12-31,124.2,0,,361.4,11.6,140.60000000000002,-0.3
DRE,1997,1997-12-31,76.1,75,0.96,84.4,166.3,2.2,78.5,87.2,1997-12-31,87.2,0,,242.4,6.5,91.6,-1.1
DRE,1996,1996-12-31,57.6,64.4,0.83,55.9,117.2,1.2,53.4,61.6,1996-12-31,61.6,0,,174.8,4.7,68.6,
DRE,1995,1995-12-31,43.2,53.8,0.65,40.3,86.4,1.9,35,42.5,1995-12-31,42.5,0,,129.7,2.2,47.89999999999999,
DRE,1994,1994-12-31,36.8,34.3,0.76,30.7,69.9,,26.2,26.2,1994-12-31,26.2,0,,106.7,3.3,40.2,-4.5
DRE,1993,1993-12-31,14.6,10.9,0.46,6.3,24.4,,5,5,1993-12-31,5,0,,39,0.7,18.4,-1.3
DRE,1992,1992-12-31,5.7,4.1,-0.16,-0.7,12,,-0.7,-0.7,1992-12-31,-0.7,0,,17.7,0.6,12.7,0.1
DRE,1991,1991-12-31,5.9,4.1,-0.39,-1.8,10.7,,-1.6,-1.6,1991-12-31,-1.6,0,,16.5,0.6,12.700000000000001,0.2
DRE,1990,1990-12-31,5,4.1,-0.14,-1.3,10.4,,-0.6,-0.6,1990-12-31,-0.6,0,,15.4,0.5,11.7,0.7
DRE,1989,1989-12-31,4.3,4.1,-0.07,0,11.6,,-0.3,-0.3,1989-12-31,-0.3,0,,15.8,0.5,11.5,-0.3
DRE,1988,1988-12-31,2.9,1.9,-0.78,2.7,6.4,,0.9,0.9,1988-12-31,0.9,0,,9.3,0.3,3.8000000000000003,-1.8
DRE,1987,1987-12-31,2.6,0.5,-2.85,2.6,5.5,,2,2,1987-12-31,2,0,,8.2,0.3,2.9,-0.6
DRE,1986,1986-12-31,2.1,0.5,-2.1,1.5,3.9,,1.2,1.2,1986-12-31,1.2,0,,5.9,0.3,2.4,-0.3
DD,2019,2019-12-31,14056,746.3,1.3776,-66,7456,-639,498,-679,2019-12-31,-474,205,955,21512,2663,7522,74
DD,2018,2018-12-31,15302,771.8,1.92015,158,7292,338,3845,346,2018-12-31,600,254,1070,22594,3028,7134,96
DD,2017,2017-12-31,9558,532.7,0.00375,-1852,2114,427,1159,-853,2017-12-31,-1525,-672,657,11672,1615,3966,-35
DD,2016,2016-12-31,37640,374.39626,16.10808,4829,10518,-416,4318,4404,2016-12-31,4413,9,1584,48158,2956,5689,
DD,2015,2015-12-31,37745,413.79586,18.85269,10202,11033,-272,7685,7783,2015-12-31,9930,2147,1598,48778,2948,831,
DXC,2020,2020-03-31,14901,258.57,-3.84383,-5072,4676,-156,-5369,-5358.7,2020-03-31,-5228,130.7,,19577,1732,9748,
DXC,2019,2019-03-31,14946,281.43,6.58858,1768,5807,-253,1257,1183,2019-03-31,1515,332,,20753,1558,4039,
DXC,2018,2018-03-31,16317,289.77,7.8828,1464,5416,-160,1751,1569,2018-03-31,1304,-265,,21733,1531,3952,
DXC,2017,2017-03-31,5545,140.39,0.30451,-184,2062,10,-123,-100,2017-03-31,-174,-74,,7607,1262,2246,
DXC,2016,2016-04-01,5204,141.33,0.96724,95,1902,-85,251,72,2016-04-01,10,-62,,7106,1040,1807,
DXC,2015,2015-04-03,6159,142.56,-0.39001,-565,1958,-106,2,-207,2015-04-03,-671,-464,,8117,1417,2523,
DXC,2014,2014-03-28,9272,151,6.05,1394,3726,-131,947,880,2014-03-28,1263,383,,12998,1220,2332,18
DXC,2013,2013-03-29,11851,156,-0.94,672,3142,-169,984,538,2013-03-29,503,-35,,14993,1195,2470,-42
DXC,2012,2012-03-30,13406,155,-5.92,-4177,2471,-170,-4242,-4226,2012-03-30,-4347,-121,,15877,1141,6648,-38
DXC,2011,2011-04-01,12925,157,4.51,1123,3117,-155,740,725,2011-04-01,968,243,,16042,965,1994,-44
DXC,2010,2010-04-02,12797,155,5.21,1284,3331,-246,817,834,2010-04-02,1038,204,,16128,991,2047,-27
DXC,2009,2009-04-03,13261,153,7.38,1235,3479,-286,1115,1115,2009-04-03,949,-166,,16740,1083,2244,-41
DXC,2008,2008-03-28,13152,170,3.68,1072,3348,-154,545,545,2008-03-28,918,373,,16500,975,2275,-37
DXC,2007,2007-03-30,11814,180,3.38,779,3041,-172,397,397,2007-03-30,606,209,,14855,918,2262,-50
DXC,2006,2006-03-31,11720,188,3.36,925,2896,-104,634,577,2006-03-31,821,244,,14616,842,1970,-41
DXC,2005,2005-04-01,11315,192,2.69,872,2744,-157,810,496,2005-04-01,715,219,,14059,808,1871,-16
DXC,2004,2004-04-02,12007,189,2.84,917,2761,-170,519,519,2004-04-02,747,228,,14768,850,1844,-9
DXC,2003,2003-03-28,9068,173,2.56,754,2278,-143,440,440,2003-03-28,612,171,,11347,717,1524,-9
DXC,2002,2002-03-29,9223,171,2.01,652,2203,-155,344,344,2002-03-29,497,153,,11426,706,1551,-12
DXC,2001,2001-03-30,8425,171,2.33,436,2099,-106,233,233,2001-03-30,330,97,,10524,797,1663,-16
DXC,2000,2000-03-31,7353,170,2.53,670,2018,-58,403,403,2000-03-31,611,209,,9371,779,1348,-18
DXC,1999,1999-04-02,5974,162,2.11,560,1686,-48,341,341,1999-04-02,511,170,,7660,696,1126,-15
DXC,1998,1998-04-03,5149,159,2.58,242,1452,-51,260,260,1998-04-03,191,-70,,6601,603,1210,-9
DXC,1997,1997-03-28,4413,156,1.43,344,1203,-40,192,192,1997-03-28,303,111,,5616,485,859,-8
DXC,1996,1996-03-29,3350,114,1.24,266,893,-35,142,142,1996-03-29,231,90,,4242,379,626,-5
DXC,1995,1995-03-31,2686,106,1.05,203,687,-29,111,111,1995-03-31,174,63,,3373,311,484,1
DXC,1994,1994-04-01,2065,137,0.67,160,518,-11,96,91,1994-04-01,149,58,,2583,227,358,
DXC,1993,1993-04-02,1978,131,0.6,144,502,-16,78,78,1993-04-02,128,50,,2480,239,358,
DXC,1992,1992-04-03,1718,99,0.71,125,395,-16,68,68,1992-04-03,109,41,,2113,185,271,0
DXC,1991,1991-03-29,1436,98,0.6,116,302,-14,65,65,1991-03-29,103,38,,1738,155,185,0
DXC,1990,1990-03-30,1231,97,0.63,103,270,,66,66,1990-03-30,103,38,,1500,21,166,119
DXC,1989,1989-03-31,1067,96,0.57,84,237,,52,52,1989-03-31,84,32,,1304,19,153,99
DXC,1988,1988-03-31,925,96,0.49,71,227,,44,44,1988-03-31,71,28,,1152,16,156,101
DXC,1987,1987-03-31,842,95,0.38,58,190,,32,32,1987-03-31,58,26,,1031,14,131,84
DXC,1986,1986-03-28,687,94,0.26,49,152,-7,24,24,1986-03-28,43,19,,839,12,102,70
DXC,1985,1985-03-29,593,90,0.23,48,130,-7,28,28,1985-03-29,41,13,,723,11,83,62
DXC,1984,1984-03-30,584,92,0.2,36,128,-5,18,18,1984-03-30,30,12,,712,13,92,60
DXC,1983,1983-04-01,568,91,0.2,37,127,-5,18,18,1983-04-01,33,15,,695,12,90,61
ETFC,2019,2019-12-31,392,237.931,3.91564,1319,2753,,955,955,2019-12-31,1319,364,,3145,1205,1434,
ETFC,2018,2018-12-31,289,261.669,3.91396,1418,2747,,1052,1052,2018-12-31,1418,366,,3036,1157,1329,
ETFC,2017,2017-12-31,210,274.352,2.52634,1064,2242,,614,672,2017-12-31,1064,392,,2452,1048,1178,
ETFC,2016,2016-12-31,190,279.048,2.06077,838,1836,,552,552,2016-12-31,838,286,,2026,914,998,
ETFC,2015,2015-12-31,289,295.011,1.19267,91,1275,,268,268,2015-12-31,91,-177,,1564,871,1184,
ETFC,2014,2014-12-31,299,294.1,1.17,562,1720,-110,293,293,2014-12-31,452,159,,2019,794,1158,36
ETFC,2013,2013-12-31,362.1,292.6,0.56,304.9,1602,-109.9,86,86,2013-12-31,194.9,108.9,,1964.1,698.3,1297.1,143.5
ETFC,2012,2012-12-31,874.4,285.7,0.39,-152.9,1127.7,21.9,-112.6,-112.6,2012-12-31,-131,-18.4,,2002.1,492.2,1263.6,128.6
ETFC,2011,2011-12-31,978.8,289.8,0.55,243.9,1264.8,-58.6,156.7,156.7,2011-12-31,185.3,28.6,,2243.7,478.8,1006,147.1
ETFC,2010,2010-12-31,1325.3,211.3,-0.09,-10.3,944.5,7.2,-28.5,-28.5,2010-12-31,-3.1,25.3,,2269.8,457.2,917.1000000000001,147.5
ETFC,2009,2009-12-31,2311.5,109.5,-5.68,-1712.4,397.4,-123.1,-1297.8,-1297.8,2009-12-31,-1835.4,-537.7,,2709,480.6,2020.6999999999998,170.7
ETFC,2008,2008-12-31,3062.2,51,-14.42,-742.7,260.8,-536.2,-511.8,-809.4,2008-12-31,-1278.9,-469.5,,3323,558.6,1003.5,185.1
ETFC,2007,2007-12-31,3194.3,42.4,-31.91,395.4,1478.3,-2573.1,-1441.8,-1441.8,2007-12-31,-2177.7,-736,,4672.6,615,1082.8999999999996,
ETFC,2006,2006-12-31,1965.5,43.6,14.82,943.6,1818.4,-14.8,628.9,626.8,2006-12-31,928.8,302,,3784,589,874.8000000000002,
ETFC,2005,2005-12-31,1200.8,38.5,11.09,550.9,1237.4,125.2,430.4,446.3,2005-12-31,676.1,229.8,,2438.2,486.7,686.4000000000001,4.9
ETFC,2004,2004-12-31,929,40.5,9.81,422.3,1147.5,91.7,380.5,351.8,2004-12-31,514,162.2,,2076.6,447.9,725.3,-2.3
ETFC,2003,2003-12-31,1143,36.7,7.9,206.4,865.3,102.3,203,198,2003-12-31,310.4,112.4,60.7,2008.4,428.8,659,1.7
ETFC,2002,2002-12-31,1143.1,36.1,3.04,255.9,758.6,-65.9,-186.4,108.8,2002-12-31,193.9,85.1,55.7,1901.7,414.3,502.70000000000005,3.9
ETFC,2001,2001-12-31,1382.3,33.2,-2.08,-186,508.8,-124.5,-241.5,-270.3,2001-12-31,-310.3,-39.9,88.7,1891.2,489.8,865.8,0.2
ETFC,2000,2000-12-31,368.5,32.1,0.76,6.9,167.8,-2.1,1.4,1.3,2000-12-31,3.2,1.9,29.2,536.3,155.8,193.60000000000002,-1.6
ETFC,1999,2000-09-30,1120.4,31.9,2.05,-80.3,745.1,186.6,19.2,19,2000-09-30,104.4,85.5,142.9,1865.5,731,933.0999999999999,-1.8
ETFC,1998,1999-09-30,283.9,23.6,-2.14,-132.4,305.2,40.9,-54.4,-54.4,1999-09-30,-91.5,-37.1,76.9,589.1,386.8,469.9,
ETFC,1997,1998-09-30,111.8,16.9,-0.04,-1.7,113.3,,-0.7,-0.7,1998-09-30,-1.7,-1,32.9,225.1,102.2,135.10000000000002,
ETFC,1996,1997-09-30,70.8,13.8,1.01,23.3,68.1,,13.9,13.9,1997-09-30,23.3,9.4,10.8,138.9,37.8,48.60000000000001,
ETFC,1995,1996-09-30,32.9,11.4,-0.07,-1.4,16.1,,-0.8,-0.8,1996-09-30,-1.4,-0.6,2.8,49,17.3,20.1,
ETFC,1994,1995-09-30,12.8,10.6,0.24,4.3,9,,2.6,2.6,1995-09-30,4.3,1.7,0.9,21.8,5.3,6.199999999999999,
ETFC,1993,1994-09-30,6.8,10.5,0.07,0.2,4.1,,0.8,0.8,1994-09-30,0.2,-0.5,0.3,10.9,3.5,3.8999999999999995,
ETFC,1992,1993-09-30,2,10.7,0.01,0.1,1,,0.1,0.1,1993-09-30,0.1,0,0.2,3,0.7,0.8999999999999999,
ETFC,1991,1992-09-30,0.6,9.9,-0.03,-0.3,0.3,,-0.3,-0.3,1992-09-30,-0.3,0,0.2,0.8,0.4,0.5000000000000001,
ETFC,1990,1991-09-30,0.5,9.6,-0.01,-0.1,0.4,,-0.1,-0.1,1991-09-30,-0.1,0,0.2,0.8,0.3,0.4,
EMN,2019,2019-12-31,7039,138.5,7.12093,1120,2234,-218,759,762,2019-12-31,902,140,234,9273,691,1114,
EMN,2018,2018-12-31,7672,142.9,8.02026,1545,2479,-235,1080,1064,2018-12-31,1310,246,235,10151,714,934,
EMN,2017,2017-12-31,7186,146.1,7.11364,1530,2363,-241,1384,1049,2017-12-31,1289,240,227,9549,729,833,
EMN,2016,2016-12-31,6651,148.4,6.99075,1304,2357,-255,854,859,2016-12-31,1049,190,223,9008,707,1053,
EMN,2015,2015-12-31,7068,149.8,7.34238,1384,2580,-254,848,854,2015-12-31,1129,275,242,9648,771,1196,-1
EMN,2014,2014-12-31,7306,151,7.3,1162,2221,-167,751,755,2014-12-31,990,235,227,9527,755,1059,-5
EMN,2013,2013-12-31,6574,157,6.24,1862,2776,-182,1165,1172,2013-12-31,1679,507,193,9350,645,914,-1
EMN,2012,2012-12-31,6340,149,5.3,800,1762,-130,437,443,2012-12-31,649,206,198,8102,644,962,-21
EMN,2011,2011-12-31,5538,143,4.55,1021,1640,-58,696,657,2011-12-31,964,307,158,7178,469,619,1
EMN,2010,2010-12-31,4368,148,3.48,747,1474,-106,438,425,2010-12-31,636,211,152,5842,431,727,-5
EMN,2009,2009-12-31,3994,147,1.75,317,1053,-88,136,136,2009-12-31,226,90,137,5047,399,736,-3
EMN,2008,2008-12-31,5600,152,2.31,519,1126,-93,346,328,2008-12-31,429,101,158,6726,419,607,3
EMN,2007,2007-12-31,5638,168,2.37,504,1192,-39,300,321,2007-12-31,470,149,156,6830,420,688,5
EMN,2006,2006-12-31,6173,166,2.89,640,1277,-80,409,409,2006-12-31,576,167,167,7450,437,637,16
EMN,2005,2005-12-31,5655,164,3.75,711,1404,73,557,557,2005-12-31,783,226,162,7059,454,693,-1
EMN,2004,2004-12-31,5602,157,1.94,175,978,-101,170,170,2004-12-31,64,-106,154,6580,450,803,-10
EMN,2003,2003-12-31,4990,154,0.43,-267,810,-114,-270,-273,2003-12-31,-381,-108,173,5800,414,1077,0
EMN,2002,2002-12-31,4541,154,0.54,208,779,-122,61,79,2002-12-31,84,5,159,5320,407,571,-2
EMN,2001,2001-12-31,4497,154,0.72,-126,887,-140,-179,-179,2001-12-31,-297,-118,160,5384,407,1013,-31
EMN,2000,2000-12-31,4214,154,2.06,562,1078,-97,303,303,2000-12-31,452,149,149,5292,346,516,-13
EMN,1999,1999-12-31,3768,157,0.69,202,822,-126,48,48,1999-12-31,72,24,187,4590,355,620,-4
EMN,1998,1998-12-31,3546,159,1.57,434,935,-96,249,249,1998-12-31,360,111,185,4481,316,501,22
EMN,1997,1997-12-31,3582,158,2.07,506,1096,-87,286,286,1997-12-31,446,160,191,4678,337,590,27
EMN,1996,1996-12-31,3603,159,2.4,663,1179,-67,380,380,1996-12-31,607,227,184,4782,332,516,11
EMN,1995,1995-12-31,3536,165,3.39,964,1504,-79,559,559,1995-12-31,899,340,176,5040,364,540,14
EMN,1994,1994-12-31,3216,166,2.02,636,1113,-87,336,336,1994-12-31,550,214,167,4329,310,477,1
EMN,1993,1993-12-31,3006,217,1.23,451,897,-6,-209,267,1993-12-31,439,172,174,3903,272,446,-6
EMN,1992,1992-12-31,2879,211,1.43,505,932,-30,371,301,1992-12-31,483,182,162,3811,265,427,8
EMN,1991,1991-12-31,2713,184,1.86,534,901,-5,336,342,1991-12-31,542,200,154,3614,213,367,13
EMN,1990,1990-12-31,2528,176,2.04,580,905,-16,363,359,1990-12-31,572,213,148,3433,177,325,8
ETN,2019,2019-12-31,14338,420.8,5.65616,2827,7052,-236,2211,2213,2019-12-31,2591,378,606,21390,3583,4225,
ETN,2018,2018-12-31,14512,436.9,5.71203,2694,7097,-270,2145,2146,2018-12-31,2424,278,584,21609,3548,4403,
ETN,2017,2017-12-31,13758,447,4.68045,3612,6646,-244,2985,2924,2017-12-31,3368,444,584,20404,3561,3034,0
ETN,2016,2016-12-31,13416,456.5,4.62388,2344,6331,-226,1916,1919,2016-12-31,2118,199,589,19747,3505,3987,
ETN,2015,2015-12-31,14304,467.1,4.5705,2365,6551,-232,1972,1974,2015-12-31,2133,159,625,20855,3596,4186,
ETN,2014,2014-12-31,15646,477,4.85,1988,6906,-227,1793,1803,2014-12-31,1761,-42,647,22552,3810,4918,-183
ETN,2013,2013-12-31,15369,477,4.24,2155,6677,-271,1861,1873,2013-12-31,1884,11,644,22046,3886,4522,-8
ETN,2012,2012-12-31,11448,351,3.59,1459,4863,-208,1217,1220,2012-12-31,1251,31,439,16311,2894,3404,71
ETN,2011,2011-12-31,11261,343,3.98,1671,4788,-118,1350,1352,2011-12-31,1553,201,417,16049,2738,3117,-38
ETN,2010,2010-12-31,9633,340,2.85,1172,4082,-136,929,937,2010-12-31,1036,99,425,13715,2486,2910,-1
ETN,2009,2009-12-31,8782,336,1.3,453,3091,-150,383,385,2009-12-31,303,-82,395,11873,2252,2638,-9
ETN,2008,2008-12-31,11191,325,3.47,1128,4185,,1058,1055,2008-12-31,1128,73,417,15376,2513,3057,-30
ETN,2007,2007-12-31,9382,301,3.19,1041,3651,,994,959,2007-12-31,1041,82,335,13033,2139,2610,-11
ETN,2006,2006-12-31,9050,306,2.98,989,3320,,950,912,2006-12-31,989,77,321,12370,1946,2331,-40
ETN,2005,2005-12-31,8012,308,2.61,996,3103,,805,805,2005-12-31,996,191,287,11115,1757,2107,-27
ETN,2004,2004-12-31,7082,314,2.11,781,2735,,648,648,2004-12-31,781,133,261,9817,1587,1954,13
ETN,2003,2003-12-31,5897,301,1.28,508,2164,,386,386,2003-12-31,508,122,223,8061,1351,1656,-5
ETN,2002,2002-12-31,5272,287,0.94,399,1937,,281,281,2002-12-31,399,118,203,7209,1217,1538,32
ETN,2001,2001-12-31,5503,282,0.8,278,1796,,169,169,2001-12-31,278,109,228,7299,1220,1518,-11
ETN,2000,2000-12-31,6092,290,1.59,552,2217,,453,363,2000-12-31,552,189,269,8309,1299,1665,-80
ETN,1999,1999-12-31,6041,295,1.74,963,2361,,617,617,1999-12-31,963,346,314,8402,1318,1398,-46
ETN,1998,1998-12-31,4759,291,1.34,485,1866,,349,349,1998-12-31,485,136,334,6625,1050,1381,-48
ETN,1997,1997-12-31,5456,313,1.74,668,2107,,410,464,1997-12-31,668,204,319,7563,1088,1439,-41
ETN,1996,1996-12-31,5165,313,1.28,485,1796,,349,349,1996-12-31,485,136,267,6961,995,1311,-30
ETN,1995,1995-12-31,5028,314,1.41,592,1794,,399,399,1995-12-31,592,193,227,6822,927,1202,-32
ETN,1994,1994-12-31,4397,302,1.22,488,1655,,333,333,1994-12-31,488,155,213,6052,890,1167,-12
ETN,1993,1993-12-31,3284,279,0.78,262,1117,,173,180,1993-12-31,262,82,154,4401,601,855,-12
ETN,1992,1992-12-31,2957,276,0.5,178,912,,-128,137,1992-12-31,178,41,141,3869,542,734,-32
ETN,1991,1991-12-31,2608,272,0.34,82,773,,74,62,1991-12-31,82,20,124,3381,475,691,-27
ETN,1990,1990-12-31,2751,283,0.59,250,888,,179,169,1990-12-31,250,81,128,3639,467,638,-34
ETN,1989,1989-12-31,2728,300,0.7,335,943,,225,210,1989-12-31,335,125,124,3671,444,608,-35
ETN,1988,1988-12-31,2519,298,0.76,368,950,,212,228,1988-12-31,368,140,122,3469,427,582,-42
ETN,1987,1987-12-31,2221,336,0.61,328,889,,201,206,1987-12-31,328,122,114,3110,399,561,-30
ETN,1986,1986-12-31,2871,382,0.48,220,941,,137,137,1986-12-31,220,83,134,3812,498,721,-50
ETN,1985,1985-12-31,2703,418,0.55,387,972,,231,231,1985-12-31,387,156,124,3675,482,585,-80
ETN,1984,1984-12-31,2517,412,0.61,409,993,,252,252,1984-12-31,409,157,113,3510,475,584,-56
ETN,1983,1983-12-31,1986,384,0.24,117,688,,94,94,1983-12-31,117,23,94,2674,420,571,9
EBAY,2019,2019-12-31,2508,856,2.30404,2269,8292,-59,1786,1792,2019-12-31,2207,415,1240,10800,4306,6023,-3
EBAY,2018,2018-12-31,2382,991,2.08375,2222,8364,513,2530,2065,2018-12-31,2718,653,1285,10746,4522,6142,-17
EBAY,2017,2017-12-31,2221,1064,1.81748,2431,7706,-167,-1017,2087,2017-12-31,2275,188,1224,9927,3908,5275,11
EBAY,2016,2016-12-31,2004,1144,6.36801,2325,7294,1243,7266,7285,2016-12-31,3651,-3634,1114,9298,3590,4969,83
EBAY,2015,2015-12-31,1771,1220,1.63703,2197,6821,220,1725,1947,2015-12-31,2406,459,923,8592,3327,4624,-11
EBAY,2014,2014-12-31,5732,1262,0.04,3514,12170,18,46,46,2014-12-31,3531,3485,2000,17902,5430,8656,-1
EBAY,2013,2013-12-31,5036,1313,2.13,3446,11011,25,2856,2856,2013-12-31,3466,610,1768,16047,4763,7565,-5
EBAY,2012,2012-12-31,4216,1313,2.01,2888,9856,189,2609,2609,2012-12-31,3084,475,1573,14072,4449,6968,7
EBAY,2011,2011-12-31,3460,1313,1.35,2453,8191,-171,3229,3229,2011-12-31,3910,681,1235,11652,3799,5739,-36
EBAY,2010,2010-12-31,2565,1327,1.37,2054,6592,83,1801,1801,2010-12-31,2098,297,908,9156,3026,4538,-38
EBAY,2009,2009-12-31,2480,1305,0.26,1457,6248,38,2389,2389,2009-12-31,2879,490,803,8727,3304,4791,-66
EBAY,2008,2008-12-31,2228,1313,1.39,2076,6313,108,1779,1779,2008-12-31,2184,404,726,8541,2880,4238,347
EBAY,2007,2007-12-31,1763,1376,0.72,613,5909,138,348,348,2007-12-31,751,403,620,7672,2787,5296,294
EBAY,2006,2006-12-31,1257,1425,0.79,1423,4713,124,1126,1126,2006-12-31,1547,421,495,5970,2598,3290,
EBAY,2005,2005-12-31,818,1394,0.78,1442,3734,108,1082,1082,2005-12-31,1549,467,328,4552,1835,2293,
EBAY,2004,2004-12-31,614,1368,0.57,1059,2657,69,778,784,2004-12-31,1128,344,241,3271,1291,1598,
EBAY,2003,2003-12-31,416,1313,0.36,628,1749,33,442,455,2003-12-31,662,207,159,2165,880,1121,
EBAY,2002,2002-12-31,214,1171,0.22,350,1000,48,250,252,2002-12-31,398,146,105,1214,525,650,
EBAY,2001,2001-12-31,135,1122,0.09,124,614,39,90,83,2001-12-31,163,80,75,749,362,490,
EBAY,2000,2000-12-31,95,1121,0.04,35,336,43,48,45,2000-12-31,78,33,56,431,242,301,
EBAY,1999,1999-12-31,58,1087,0.01,-1,167,21,11,11,1999-12-31,20,9,24,225,139,168,
EBAY,1998,1998-12-31,7,917,0,6,40,1,2,2,1998-12-31,7,5,5,47,29,34,
EBAY,1997,1997-12-31,1,661,0,1,5,0,1,1,1997-12-31,2,1,1,6,3,3,
EBAY,1996,1996-12-31,0,344,0,0,0,0,0,0,1996-12-31,0,0,0,0,0,0,
ECL,2019,2019-12-31,8697.7,292.5,6.01853,2004.1,6208.6,-191,1558.9,1573.1,2019-12-31,1898.9,325.8,,14906.3,3987.5,4204.5,85.8
ECL,2018,2018-12-31,8608.9,292.8,5.6204,1947,6059.3,-222.3,1429.1,1540.5,2018-12-31,1804.6,264.1,,14668.2,3892.2,4112.300000000001,79.9
ECL,2017,2017-12-31,8006.5,294,4.74043,1950.1,5829.4,-255,1504.6,1359.7,2017-12-31,1762.4,402.7,,13835.9,3982.5,3879.2999999999993,67.3
ECL,2016,2016-12-31,7467.9,296.7,4.41095,1870.2,5683.9,-264.6,1229,1246.5,2016-12-31,1649.4,402.9,,13151.8,3702.2,3813.7000000000007,43.8
ECL,2015,2015-12-31,7142.9,301.4,4.59364,1561.3,6402.2,-243.6,1002.1,1017.2,2015-12-31,1317.7,300.5,,13545.1,4345.5,4840.9,
ECL,2014,2014-12-31,7665.2,305.9,4.12655,1955,6615.3,-256.6,1202.8,1222.2,2014-12-31,1698.4,476.2,,14280.5,4577.6,4660.3,0
ECL,2013,2013-12-31,7234,306,3.59,1561,6020,-262,968,974,2013-12-31,1298,325,,13253,4281,4459,
ECL,2012,2012-12-31,6461,299,2.74,1289,5378,-277,704,701,2012-12-31,1013,311,,11839,3920,4088,
ECL,2011,2011-12-31,3476,242,2.3,754,3323,-74,463,463,2011-12-31,680,216,,6799,2438,2569,
ECL,2010,2010-12-31,3014,238,2.27,807,3076,-59,530,531,2010-12-31,748,217,,6090,2262,2269,
ECL,2009,2009-12-31,2978,240,1.96,681,2923,-61,417,419,2009-12-31,620,201,,5901,2174,2241,
ECL,2008,2008-12-31,3142,249,1.87,713,2996,-62,448,448,2008-12-31,651,203,,6138,2258,2283,
ECL,2007,2007-12-31,2692,252,1.75,667,2778,-51,427,427,2007-12-31,616,189,,5470,2091,2110,
ECL,2006,2006-12-31,2416,257,1.43,612,2480,-44,369,369,2006-12-31,567,199,,4896,1868,1868,
ECL,2005,2005-12-31,2249,260,1.23,542,2286,-44,319,319,2005-12-31,498,179,,4535,1744,1743,
ECL,2004,2004-12-31,2031,262,1.2,534,2154,-45,310,310,2004-12-31,489,178,,4185,1615,1620,
ECL,2003,2003-12-31,1845,263,1.06,483,1917,-34,277,277,2003-12-31,448,171,,3762,1434,1434,
ECL,2002,2002-12-31,1688,262,0.9,396,1716,-44,210,212,2002-12-31,352,140,,3404,1283,1320,
ECL,2001,2001-12-31,1090,260,0.73,318,1265,-28,188,172,2001-12-31,290,117,,2355,946,947,
ECL,2000,2000-12-31,1026,264,0.74,343,1238,-25,206,189,2000-12-31,319,129,,2264,916,895,
ECL,1999,1999-12-31,938,269,0.65,290,1142,-23,176,157,1999-12-31,267,110,,2080,852,852,
ECL,1998,1998-12-31,851,268,0.58,262,1037,-22,193,138,1998-12-31,240,102,,1888,775,775,
ECL,1997,1997-12-31,722,268,0.5,219,918,-13,134,121,1997-12-31,206,85,,1640,700,700,
ECL,1996,1996-12-31,675,266,0.43,185,815,-14,113,100,1996-12-31,171,71,,1490,630,630,
ECL,1995,1995-12-31,603,270,0.37,163,738,-12,99,91,1995-12-31,151,60,,1341,575,575,
ECL,1994,1994-12-31,533,270,0.33,137,674,-13,85,74,1994-12-31,124,50,,1208,530,538,
ECL,1993,1993-12-31,453,270,0.28,122,588,-21,77,68,1993-12-31,101,33,,1042,467,467,
ECL,1992,1992-12-31,452,269,0.24,117,552,-35,64,56,1992-12-31,83,27,,1005,435,435,
ECL,1991,1991-12-31,422,216,0.24,110,495,-30,-244,51,1991-12-31,80,29,,918,385,386,
ECL,1990,1990-12-31,669,189,0.24,121,721,-28,54,54,1990-12-31,93,40,,1390,599,600,
ECL,1989,1989-12-31,650,219,0.16,45,656,-31,3,3,1989-12-31,14,11,,1306,563,610,
ECL,1988,1988-12-31,600,222,0.2,109,612,-31,44,44,1988-12-31,78,34,,1212,503,503,
ECL,1987,1987-12-31,482,225,0.25,112,538,-22,142,42,1987-12-31,90,48,,1020,395,427,
ECL,1986,1987-06-30,352,227,0.21,101,410,-11,52,47,1987-06-30,90,43,,763,309,310,
ECL,1985,1986-06-30,393,232,0.19,75,420,-3,44,44,1986-06-30,72,29,,813,345,345,
ECL,1984,1985-06-30,359,234,0.17,69,368,-3,40,40,1985-06-30,66,27,,727,299,299,
ECL,1983,1984-06-30,352,232,0.16,65,352,-4,36,36,1984-06-30,60,24,,704,287,287,
ECL,1982,1983-06-30,286,232,0.15,52,373,-10,-16,27,1983-06-30,42,14,,659,312,321,
EIX,2019,2019-12-31,4839,341,4.89194,1775,,-804,1405,1405,2019-12-31,1127,-278,,12347,,5733,55
EIX,2018,2018-12-31,5406,326,4.07531,-552,,-710,-302,-350,2018-12-31,-1089,-739,,12657,,7803,69
EIX,2017,2017-12-31,4873,328,4.60579,1456,,-632,689,1134,2017-12-31,949,-185,,12320,,5991,38
EIX,2016,2016-12-31,4527,330,3.99292,2062,,-578,1434,1413,2016-12-31,1590,177,,11869,,5280,32
EIX,2015,2015-12-31,4266,329,3.00745,2008,,-555,1133,1082,2015-12-31,1568,486,,11524,,5250,115
EIX,2014,2014-12-31,5593,329,4.71081,2472,,-560,1724,1536,2014-12-31,1979,443,,13413,,5348,67
EIX,2013,2013-12-31,4567,329,4.07,1715,,-544,1015,979,2013-12-31,1221,242,,12581,,6299,50
EIX,2012,2012-12-31,3831,330,4.48,2285,,-510,-92,1594,2012-12-31,1861,267,,11862,,5746,86
EIX,2011,2011-12-31,2989,326,3.43,320,,-685,22,24,2011-12-31,-264,-288,,12760,,9451,101
EIX,2010,2010-12-31,2930,329,3.92,2126,,-566,1308,1303,2010-12-31,1657,354,,12409,,7353,97
EIX,2009,2009-12-31,2751,327,4.37,1398,,-658,849,952,2009-12-31,854,-98,,12333,,8212,114
EIX,2008,2008-12-31,3845,329,3.59,2563,,-607,1266,1348,2008-12-31,1944,596,,14054,,7704,-12
EIX,2007,2007-12-31,3124,331,4.45,2268,,-519,1149,1307,2007-12-31,1799,492,,13051,,7721,50
EIX,2006,2006-12-31,3409,330,3.62,2344,,-559,1232,1273,2006-12-31,1855,582,,12540,,6869,70
EIX,2005,2005-12-31,2622,332,4.51,2233,,-546,1161,1299,2005-12-31,1756,457,,11748,,6997,69
EIX,2004,2004-12-31,2332,331,2.23,1100,,-873,922,374,2004-12-31,282,-92,,10087,,6767,55
EIX,2003,2003-12-31,2786,329,5.85,1791,,-745,882,840,2003-12-31,1053,213,,12034,,7558,7
EIX,2002,2002-12-31,2016,328,7.14,2372,,-747,1192,1250,2002-12-31,1641,391,,11455,,7100,16
EIX,2001,2001-12-31,3770,327,1.74,5456,,-1300,1149,2516,2001-12-31,4163,1647,,11088,,2210,7
EIX,2000,2000-12-31,4686,333,-1.39,-1729,,-1161,-1822,-1822,2000-12-31,-2871,-1049,,11123,,8760,19
EIX,1999,1999-12-31,3179,349,0.24,1744,,-790,693,693,1999-12-31,987,294,,9164,,4747,33
EIX,1998,1998-12-31,4610,364,0.14,1784,,-597,706,706,1998-12-31,1161,455,,8847,,3814,-38
EIX,1997,1997-12-31,2854,405,1.14,2035,,-653,743,743,1997-12-31,1280,537,,7953,,4346,-110
EIX,1996,1996-12-31,2706,439,1.33,2041,,-633,764,764,1996-12-31,1327,563,,7583,,3798,-97
EIX,1995,1995-12-31,2582,446,1.97,1905,,-529,786,786,1995-12-31,1314,528,,7873,,3918,-81
EIX,1994,1994-12-31,2563,448,1.59,1780,,-551,722,722,1994-12-31,1203,481,,7799,,4002,-40
EIX,1993,1993-12-31,2499,448,1.06,1682,,-548,639,639,1993-12-31,1104,465,,7397,,3640,-50
EIX,1992,1992-12-31,2251,445,2.1,1887,,-528,739,739,1992-12-31,1283,544,,7722,,3846,-76
EIX,1991,1991-12-31,2203,438,2.14,1679,,-555,703,703,1991-12-31,1150,448,,7298,,3621,27
EIX,1990,1990-12-31,2072,436,2.09,1741,,-570,786,786,1990-12-31,1276,490,,6986,,3386,105
EIX,1989,1989-12-31,1638,437,2.04,1666,,-574,778,778,1989-12-31,1276,498,,6524,,3601,184
EIX,1988,1988-12-31,1235,437,2.09,1543,,-519,762,762,1988-12-31,1208,446,,5932,,3475,184
EIX,1987,1987-12-31,781,436,1.81,1543,,-418,739,670,1987-12-31,1249,578,,5501,,3278,124
EIX,1986,1986-12-31,776,436,1.42,1650,,-459,521,521,1986-12-31,1223,702,,5316,,2942,32
EIX,1985,1985-12-31,706,431,0.93,1694,,-453,702,702,1985-12-31,1423,721,,5142,,2769,183
EIX,1984,1984-12-31,607,415,1.03,1607,,-482,659,659,1984-12-31,1299,640,,4843,,2686,174
EIX,1983,1983-12-31,571,397,1.53,1201,,-442,617,617,1983-12-31,1115,497,,4414,,2692,356
EW,2019,2019-12-31,1114.4,636.60637,1.79025,1146.8,3233.6,21.3,1046.9,1049.7,2019-12-31,1166.5,116.8,752.7,4348,1240.2,2086.7999999999997,-1.6
EW,2018,2018-12-31,939.4,640.80641,1.64039,755.3,2783.4,17.3,722.2,738,2018-12-31,761.4,23.4,622.2,3722.8,1088.5,2028.1,-11.2
EW,2017,2017-12-31,875.3,647.70648,1.33754,1034.9,2560,,583.6,877.7,2017-12-31,1034.9,157.2,552.6,3435.3,985.8,1525.1000000000001,
EW,2016,2016-12-31,797.4,653.40653,0.95084,737.9,2166.3,,569.5,569.5,2016-12-31,737.9,168.4,443.3,2963.7,904.7,1428.4,
EW,2015,2015-12-31,617.2,660.90661,0.75841,622.4,1876.5,,494.9,494.9,2015-12-31,622.4,127.5,383.1,2493.7,850.7,1254.1,
EW,2014,2014-12-31,625.6,217,1.53759,1144,1697.3,0,811.1,811.1,2014-12-31,1144,332.9,346.5,2322.9,858,553.3000000000001,0
EW,2013,2013-12-31,522.4,227.6,1.5,515.3,1523.1,,391.7,391.7,2013-12-31,515.3,123.6,323,2045.5,745.6,1007.8000000000001,-0.6
EW,2012,2012-12-31,494.6,236.6,1.29,392.6,1405,-1.5,293.2,293.2,2012-12-31,391.1,97.9,291.3,1899.6,705.3,1012.4,0
EW,2011,2011-12-31,489.8,238.8,1.07,283.6,1188.8,,236.7,236.7,2011-12-31,283.6,46.9,246.3,1678.6,642.4,905.2,-1.3
EW,2010,2010-12-31,408.3,238.4,0.99,268.2,1038.7,,218,218,2010-12-31,268.2,50.2,204.4,1447,550,770.5,-7.1
EW,2009,2009-12-31,399.1,235,0.77,304.4,922.3,,229.1,229.1,2009-12-31,304.4,75.3,175.5,1321.4,508.8,617.9,0.3
EW,2008,2008-12-31,419.6,238.4,0.63,164.4,818.1,,128.9,128.9,2008-12-31,164.4,35.5,139.2,1237.7,480.6,653.6999999999999,-1.6
EW,2007,2007-12-31,378.2,250.8,0.54,149.8,712.9,,113,113,2007-12-31,149.8,36.8,122.3,1091.1,418,563.0999999999999,-2.3
EW,2006,2006-12-31,373.6,255.6,0.51,172.3,663.4,,130.5,130.5,2006-12-31,172.3,41.8,114.2,1037,376,491.1,0.4
EW,2005,2005-12-31,374.6,249.2,0.45,116.7,623.3,,79.3,79.3,2005-12-31,116.7,37.4,99,997.9,348.7,506.6,0.2
EW,2004,2004-12-31,370.2,248,0.43,43.9,561.3,-14,1.7,1.7,2004-12-31,30.1,28.4,87,931.5,319.9,517.4000000000001,0.2
EW,2003,2003-12-31,359.4,244.4,0.47,101.3,501.1,-2.6,79,79,2003-12-31,92.8,13.8,72.8,860.5,289.9,399.80000000000007,-2.3
EW,2002,2002-12-31,299.1,245.2,0.52,52.1,404.9,-8.8,55.7,55.7,2002-12-31,56,0.3,65.2,704,227.9,352.79999999999995,15
EW,2001,2001-12-31,324,235.6,0.28,24,368,-28,-11,-10,2001-12-31,-9,1,55,692,203,344,1
EW,2000,2000-12-31,423,233.4,-0.12,-235,381,-22,-272,-272,2000-12-31,-259,13,55,804,216,616,-1
EW,1999,1999-12-31,466,232.2,0.5,117,439,-2,82,82,1999-12-31,113,31,55,905,233,322,-1
EW,1998,1998-12-31,466,232.2,0.43,87,399,-1,62,62,1998-12-31,93,31,56,865,222,312,13
EW,1997,1997-12-31,463,232.2,0.49,-14,416,-1,-52,-52,1997-12-31,-15,37,53,879,211,430,0
EA,2020,2020-03-31,1369,295,10.31271,1445,4168,63,3039,3039,2020-03-31,1508,-1531,1550,5537,1137,2723,0
EA,2019,2019-03-31,1322,306,3.37327,996,3628,84,1019,1019,2019-03-31,1079,60,1433,4950,1162,2632,-1
EA,2018,2018-03-31,1277,312,4.09615,1434,3873,8,1043,1278,2018-03-31,1449,171,1320,5150,1110,2439,7
EA,2017,2017-03-31,1283,314,3.11779,1224,3562,-16,967,967,2017-03-31,1210,243,1205,4845,1112,2338,2
EA,2016,2016-03-31,1354,330,3.50303,898,3042,-12,1156,1156,2016-03-31,877,-279,1109,4396,1028,2144,-9
EA,2015,2015-03-31,1429,325,2.68358,948,3086,-24,875,875,2015-03-31,925,50,1094,4515,1033,2138,1
EA,2014,2014-03-31,1347,316,-0.05,33,2228,-26,8,8,2014-03-31,7,-1,1125,3575,1090,2195,0
EA,2013,2013-03-31,1388,313,0.23,121,2409,16,98,98,2013-03-31,139,41,1153,3797,1142,2288,2
EA,2012,2012-03-31,1598,336,0.28,35,2545,-19,76,76,2012-03-31,18,-58,1180,4143,1260,2510,2
EA,2011,2011-03-31,1499,330,-0.55,-312,2090,31,-276,-276,2011-03-31,-279,-3,1124,3589,1077,2402,2
EA,2010,2010-03-31,1866,325,-1.81,-686,1788,-25,-677,-677,2010-03-31,-706,-29,1229,3654,1050,2474,5
EA,2009,2009-03-31,2127,320,-2.36,-827,2085,-29,-1088,-1088,2009-03-31,-855,233,1359,4212,1023,2912,1
EA,2008,2008-03-31,1805,314,-0.79,-487,1860,-27,-454,-454,2008-03-31,-507,-53,1145,3665,927,2347,7
EA,2007,2007-03-31,1212,317,0.27,39,1879,99,76,72,2007-03-31,138,66,1041,3091,754,1840,
EA,2006,2006-03-31,1181,314,0.83,325,1770,64,236,242,2006-03-31,389,147,758,2951,646,1445,
EA,2005,2005-03-31,1197,318,1.63,669,1932,56,504,504,2005-03-31,725,221,633,3129,612,1263,
EA,2004,2004-03-31,1103,308,1.95,775.6,1854.2,45.3,577.3,577.3,2004-03-31,796.6,219.3,510.9,2957.1,555.3,1078.5,
EA,2003,2003-03-31,1072.8,297.3,1.28,445.6,1409.4,14.3,317.1,318.4,2003-03-31,461.4,143,401,2482.2,463.3,963.8,
EA,2002,2002-03-31,814.8,292.3,0.4,135.4,909.9,13,101.5,102.3,2002-03-31,148.3,46,380.6,1724.7,348.2,774.4000000000001,
EA,2001,2001-03-31,665,268.8,-0.03,-30.3,657.3,18.7,-11.1,-9.3,2001-03-31,-13.4,-4.2,376.2,1322.3,289.4,687.5999999999999,
EA,2000,2000-03-31,704.7,265.5,0.44,153.8,715.3,13.1,116.8,117.2,2000-03-31,169.8,52.6,262,1420,281,561.5,-5.4
EA,1999,1999-03-31,627.6,253.1,0.46,105.3,594.3,11.3,72.9,73,1999-03-31,118.5,45.4,199.4,1221.9,239.6,488.9999999999999,1.2
EA,1998,1998-03-31,481.2,243.8,0.29,83.4,427.6,12,72.6,72.5,1998-03-31,108.3,35.7,145.7,908.9,186.1,344.2,-2.1
EA,1997,1997-03-31,328.9,238.2,0.19,62.8,344.1,7,51.3,50,1997-03-31,76,26,130.8,673,150.6,281.4,-2
EA,1996,1996-03-31,291.5,232.8,0.2,62.1,295.8,6.5,46.7,47,1996-03-31,69.6,22.6,108,587.3,123.5,233.70000000000005,-1.2
EA,1995,1995-03-31,263.4,208.9,0.27,64.8,230,4.7,55.7,53.1,1995-03-31,78.1,25,73.9,493.3,91.3,165.10000000000002,8.6
EA,1994,1994-03-31,233,221.7,0.21,63.5,208.6,3.9,46.5,47,1994-03-31,67.4,20.5,65.9,441.6,79.2,145.10000000000002,
EA,1993,1993-03-31,160.6,199.7,0.15,41.2,137.8,2.5,30.9,30.3,1993-03-31,43.7,13.4,37.5,298.4,59.2,96.6,
EA,1992,1992-03-31,90.9,179.4,0.1,26,84.2,1.5,18.7,18.7,1992-03-31,27.5,8.8,21.5,175.1,36.6,58.19999999999999,
EA,1991,1991-03-31,61.8,174.3,0.06,14.5,51.3,1.2,10.8,10.8,1991-03-31,15.8,4.9,12.4,113.1,24.4,36.8,
EA,1990,1990-03-31,39.7,148.5,0.03,7.8,38.6,0.7,5.3,4.8,1990-03-31,8.5,3.7,11,78.2,19.8,30.700000000000003,
EA,1989,1989-03-31,34.5,134.9,0.03,5.6,34.4,-0.4,4.2,4,1989-03-31,5.3,1.2,9.3,68.9,19,28.799999999999997,
EA,1988,1988-03-31,23,131.7,0.01,3.2,27.4,0.1,1.3,1.3,1988-03-31,3.3,1.9,6.3,50.4,16.3,24.200000000000003,
EA,1987,1987-03-31,13.6,127.2,0.03,5.1,16.4,0.1,4.2,3.5,1987-03-31,5.2,1.7,3.2,30,8.2,11.299999999999999,
EA,1986,1986-03-31,8.3,127.2,0.01,2.2,8.3,0,2,1.1,1986-03-31,2.2,1.1,1.8,16.6,4.3,6.199999999999999,
EMR,2019,2019-09-30,10555,620.6,3.84041,3035,7817,-176,2306,2328,2019-09-30,2859,531,,18372,4457,4782,
EMR,2018,2018-09-30,9933,635.3,3.24822,2841,7475,-174,2203,2035,2018-09-30,2667,632,,17408,4258,4634,
EMR,2017,2017-09-30,8865,643.4,2.56812,2495,6399,-160,1518,1675,2017-09-30,2335,660,,15264,3618,3904,
EMR,2016,2016-09-30,8336,646.8,2.50365,2401,6186,-85,1635,1619,2016-09-30,2316,697,,14522,3464,3785,
EMR,2015,2015-09-30,9277,676.5,2.76298,2921,6972,-153,2710,2540,2015-09-30,3807,1267,,16249,3735,4051,
EMR,2014,2014-09-30,14379,704,3.57,3542,10158,-194,2147,2184,2014-09-30,3348,1164,,24537,5715,6616,113
EMR,2013,2013-09-30,14717,723,3.31,3413,9952,-218,2004,2066,2013-09-30,3196,1130,,24669,5648,6539,65
EMR,2012,2012-09-30,14644,735,3.26,3289,9768,-224,1968,2024,2012-09-30,3115,1091,,24412,5436,6479,91
EMR,2011,2011-09-30,14665,754,3.33,3853,9557,-246,2480,2504,2011-09-30,3631,1127,,24222,5328,5704,38
EMR,2010,2010-09-30,12713,757,2.72,3155,8326,-280,2164,2031,2010-09-30,2879,848,,21039,4817,5171,71
EMR,2009,2009-09-30,13216,759,2.51,2622,7699,-244,1724,1724,2009-09-30,2417,693,,20915,4532,5077,166
EMR,2008,2008-09-30,15668,789,3.13,3771,9139,-244,2412,2454,2008-09-30,3591,1137,,24807,5057,5368,194
EMR,2007,2007-09-30,14461,804,2.66,3294,8111,-261,2136,2136,2007-09-30,3107,971,,22572,4593,4817,111
EMR,2006,2006-09-30,12965,825,2.25,2841,7168,-225,1845,1845,2006-09-30,2684,839,,20133,4099,4327,115
EMR,2005,2005-09-30,11122,838,1.76,2366,6183,-243,1422,1422,2005-09-30,2149,727,,17305,3595,3817,118
EMR,2004,2004-09-30,10049,844,1.57,2059,5566,-234,1257,1257,2004-09-30,1852,595,,15615,3281,3507,97
EMR,2003,2003-09-30,9060,842,1.35,1636,4898,-246,1089,1013,2003-09-30,1414,401,,13958,2935,3262,130
EMR,2002,2002-09-30,9000,842,1.24,1584,4824,-250,122,1060,2002-09-30,1565,505,,13824,2922,3240,100
EMR,2001,2001-09-30,10119,859,1.39,1893,5361,-304,1032,1032,2001-09-30,1589,557,,15480,3082,3468,386
EMR,2000,2000-09-30,10016,863,1.83,2466,5529,-288,1422,1422,2000-09-30,2178,756,,15545,2988,3063,75
EMR,1999,1999-09-30,9194,877,1.65,2211,5076,-190,1314,1314,1999-09-30,2021,707,,14270,2770,2865,95
EMR,1998,1998-09-30,8596,888,1.5,2075,4852,-152,1229,1229,1998-09-30,1924,695,,13447,2677,2776,100
EMR,1997,1997-09-30,7866,899,1.35,1905,4433,-121,1122,1122,1997-09-30,1784,662,,12299,2451,2528,78
EMR,1996,1996-09-30,7165,906,1.24,1736,3985,-127,1019,1019,1996-09-30,1609,591,,11150,2192,2249,57
EMR,1995,1995-09-30,6480,895,1.13,1536,3533,-111,908,929,1995-09-30,1460,531,,10013,1933,1997,63
EMR,1994,1994-09-30,5553,897,0.97,1324,3054,-89,789,904,1994-09-30,1428,523,,8607,1680,1730,50
EMR,1993,1993-09-30,5290,900,0.87,1231,2884,-119,708,708,1993-09-30,1112,404,,8174,1607,1653,46
EMR,1992,1992-09-30,5055,897,0.79,1135,2651,-91,663,663,1992-09-30,1044,381,,7706,1460,1516,56
EMR,1991,1991-09-30,4842,894,0.75,1117,2586,-113,632,632,1991-09-30,1003,371,,7427,1434,1469,35
EMR,1990,1990-09-30,5002,893,0.69,1106,2572,-117,613,613,1990-09-30,989,376,,7573,1428,1466,38
EMR,1989,1989-09-30,4663,895,0.66,1032,2409,-78,588,588,1989-09-30,954,366,,7071,1336,1376,41
EMR,1988,1988-09-30,4433,917,0.58,936,2219,-76,529,529,1988-09-30,860,331,,6652,1223,1283,60
EMR,1987,1987-09-30,4090,935,0.5,894,2081,-84,467,467,1987-09-30,811,343,,6170,1158,1186,29
EMR,1986,1986-09-30,3208,932,0.44,764,1745,-49,409,409,1986-09-30,715,306,,4953,988,981,-7
EMR,1985,1985-09-30,2972,946,0.42,731,1677,-37,401,401,1985-09-30,694,293,,4649,938,946,9
EMR,1984,1984-09-30,2809,886,0.42,684,1546,-28,369,369,1984-09-30,656,287,,4355,863,862,-1
EMR,1983,1983-09-30,2354,887,0.36,585,1282,-17,320,320,1983-09-30,569,249,,3636,721,697,-24
ETR,2019,2019-12-31,1397.787,196.99928,7.25761,1390.497,,-194.513,1258.244,1258.244,2019-12-31,1088.419,-169.825,,9583.932,-26.22,8090.388999999999,-252.539
ETR,2018,2018-12-31,1812.625,183.37851,6.51477,469.365,,-643.484,862.555,862.555,2018-12-31,-174.271,-1036.826,,9540.547,301.049,8727.462,-129.754
ETR,2017,2017-12-31,1596.101,180.53589,7.32244,1360.407,,-374.146,425.353,985.763,2017-12-31,967.923,-17.84,,9417.751,-131.901,8117.973,-113.426
ETR,2016,2016-12-31,1429.205,178.88566,7.04107,-815.231,,-521.243,-564.503,-564.503,2016-12-31,-1381.762,-817.259,,8996.007,94.243,10231.671,-112.851
ETR,2015,2015-12-31,1642.121,179.17636,6.09178,-299.165,,-456.407,-156.734,-156.734,2015-12-31,-799.661,-642.927,,9451.424,175.304,10170.294999999998,-95.997
ETR,2014,2014-12-31,2183.093,180.29689,5.83533,2006.889,,-479.821,960.257,960.257,2014-12-31,1549.854,589.597,,9773.696,-13.772,8304.938999999998,-42.016
ETR,2013,2013-12-31,1811,179,5.26,1355,,-405,731,731,2013-12-31,957,226,,9097,46,8225,-60
ETR,2012,2012-12-31,1501,178,6.7,1301,,-442,868,868,2012-12-31,899,31,,8001,175,7500,-53
ETR,2011,2011-12-31,1821,178,7.55,2013,,-384,1367,1367,2011-12-31,1654,286,,8839,206,7395,-59
ETR,2010,2010-12-31,1916,188,6.5,2266,,-390,1270,1270,2010-12-31,1888,617,,8938,45,7306,-48
ETR,2009,2009-12-31,1637,196,6.59,2198,,-342,1251,1251,2009-12-31,1884,633,,8052,-22,6910,-33
ETR,2008,2008-12-31,2713,201,6.36,2234,,-423,1241,1241,2008-12-31,1844,603,,10315,60,8147,-12
ETR,2007,2007-12-31,2168,203,5.61,2051,,-395,1160,1160,2007-12-31,1674,514,,9252,55,7265,-25
ETR,2006,2006-12-31,2308,211,5.36,1805,,-257,1160,1161,2006-12-31,1604,443,,9147,-123,6819,16
ETR,2005,2005-12-31,2684,214,4.4,1792,,-324,924,969,2005-12-31,1528,559,,8524,-50,5630,14
ETR,2004,2004-12-31,2259,231,4.1,1654,,-448,933,933,2004-12-31,1299,366,,8141,-91,6211,54
ETR,2003,2003-12-31,1858,231,3.4,1485,,-147,950,813,2003-12-31,1303,490,,7583,-14,5852,-77
ETR,2002,2002-12-31,938,227,3.9,1188,,-316,623,623,2002-12-31,917,294,,6772,-142,6179,7
ETR,2001,2001-12-31,1111,225,3.11,1573,,-399,751,727,2001-12-31,1183,456,,7431,-37,6937,-23
ETR,2000,2000-12-31,2733,229,3.03,1546,,-557,711,711,2000-12-31,1190,479,,7386,4,5738,190
ETR,1999,1999-12-31,2519,245,2.07,1252,,-556,595,595,1999-12-31,952,357,,6398,8,5003,154
ETR,1998,1998-12-31,4669,247,2.22,1512,,-833,786,786,1998-12-31,1052,267,,6295,35,5314,105
ETR,1997,1997-12-31,2393,240,1.25,1857,,-862,301,301,1997-12-31,772,471,,6720,-19,5312,-233
ETR,1996,1996-12-31,760,229,1.83,1679,,-791,420,420,1996-12-31,841,421,,6645,-48,4725,-57
ETR,1995,1995-12-31,442,228,2.13,1220,,-737,520,485,1995-12-31,485,0,,6274,,4613,-8
ETR,1994,1994-12-31,1861,229,1.49,1201,,-760,342,342,1994-12-31,474,132,,5963,391,2902,33
ETR,1993,1993-12-31,2004,175,2.62,1245,,-570,552,458,1993-12-31,709,251,,4485,288,1237,34
ETR,1992,1992-12-31,1119,177,2.48,1169,,-617,438,438,1992-12-31,648,210,,4116,185,1829,96
ETR,1991,1991-12-31,1888,183,2.64,1314,,-682,482,482,1991-12-31,729,247,,4051,-16,849,97
ETR,1990,1990-12-31,1853,196,2.44,1308,,-693,478,478,1990-12-31,739,261,,3982,-29,821,124
ETR,1989,1989-12-31,1742,205,-2.31,1212,,-731,-473,-473,1989-12-31,-261,212,,3724,-101,770,-742
ETR,1988,1988-12-31,1734,205,2.01,1222,,-795,411,411,1988-12-31,564,153,,3565,-189,609,136
ETR,1987,1987-12-31,1668,205,1.74,1172,,-772,357,357,1987-12-31,518,162,,3455,-196,615,119
ETR,1986,1986-12-31,1814,205,2.21,1325,,-819,451,451,1986-12-31,614,162,,3486,-403,347,108
ETR,1985,1985-12-31,1946,499,0.8,955,,-695,401,401,1985-12-31,640,239,,3238,-237,338,380
ETR,1984,1984-12-31,1912,178,2.76,770,,-542,508,491,1984-12-31,707,216,,3146,0,464,480
ETR,1983,1983-12-31,1838,153,2.46,635,,-476,378,378,1983-12-31,543,165,,2910,0,437,384
EOG,2019,2019-12-31,7981.919,580.777,6.10411,3699.011,9274.441,-185.129,2734.91,2734.91,2019-12-31,3545.267,810.357,141.882,17256.36,1289.561,5575.43,31.385
EOG,2018,2018-12-31,7694.77,580.441,6.03672,4469.346,9406.067,-245.052,3419.04,3367.04,2018-12-31,4240.998,873.958,129.404,17100.837,1199.45,4936.721,16.704
EOG,2017,2017-12-31,5287.211,578.693,1.23938,926.402,6020.205,-274.372,2582.579,382.579,2017-12-31,661.182,278.603,126.951,11307.416,979.129,5093.802999999999,9.152
EOG,2016,2016-12-31,3843.094,553.384,-1.49499,-1225.281,3601.703,-281.681,-1096.686,-1096.686,2016-12-31,-1557.505,-460.819,114.61,7444.797,744.525,4826.9839999999995,-50.543
EOG,2015,2015-12-31,4589.739,545.697,-0.40314,-6686.079,4176.487,-237.393,-4524.515,-4524.515,2015-12-31,-6921.556,-2397.041,138.24,8766.226,788.338,10862.566,1.916
EOG,2014,2014-12-31,6687.449,548.539,5.56609,5241.823,10840.301,-201.458,2915.487,2915.487,2014-12-31,4995.315,2079.828,205.878,17527.75,1159.574,5598.478,-45.05
EOG,2013,2013-12-31,5743,546,3.24,3675,8547,-235,2197,2197,2013-12-31,3437,1240,209,14290,972,4871,-3
EOG,2012,2012-12-31,4762,542,0.87,1480,6728,-214,570,570,2012-12-31,1281,710,174,11490,827,5248,14
EOG,2011,2011-12-31,3525,533,1.96,2113,5482,-209,1091,1091,2011-12-31,1910,819,225,9007,715,3369,6
EOG,2010,2010-12-31,2035,509,0.88,523,3780,-129,161,161,2010-12-31,408,247,260,5814,598,3256,13
EOG,2009,2009-12-31,1318,504,-0.2,971,2502,-100,547,547,2009-12-31,872,325,221,3820,423,1531,1
EOG,2008,2008-12-31,1027,501,4.18,3767,5379,-43,2437,2437,2008-12-31,3747,1310,249,6406,565,1612,22
EOG,2007,2007-12-31,650,495,2.26,1648,3447,-37,1090,1090,2007-12-31,1631,541,266,4098,413,1799,20
EOG,2006,2006-12-31,483,492,2.31,1895,3087,-16,1300,1300,2006-12-31,1913,613,235,3570,366,1192,34
EOG,2005,2005-12-31,373,488,2.65,1992,3236,-63,1260,1260,2005-12-31,1965,706,198,3610,325,1245,36
EOG,2004,2004-12-31,271,477,1.45,979,2034,-63,625,625,2004-12-31,926,301,186,2305,249,1054,10
EOG,2003,2003-12-31,213,466,1.16,697,1612,-59,430,437,2003-12-31,654,217,118,1825,186,915,15
EOG,2002,2002-12-31,179,469,0.34,181,964,-60,87,87,2002-12-31,120,32,107,1144,161,783,-2
EOG,2001,2001-12-31,175,470,0.83,675,1382,-45,399,399,2001-12-31,631,233,139,1557,175,708,2
EOG,2000,2000-12-31,141,476,0.86,697,1350,-61,397,397,2000-12-31,634,237,85,1491,162,653,-2
EOG,1999,1999-12-31,92,569,1.03,18,710,513,569,569,1999-12-31,568,-1,65,801,136,691,36
EOG,1998,1998-12-31,99,620,0.14,114,670,-49,56,56,1998-12-31,60,4,89,769,121,557,-5
EOG,1997,1997-12-31,96,633,0.21,193,678,-28,122,122,1997-12-31,163,42,75,774,114,485,-2
EOG,1996,1996-12-31,77,646,0.22,209,634,-13,140,140,1996-12-31,191,51,68,710,104,424,-5
EOG,1995,1995-12-31,69,645,0.17,195,516,-12,142,142,1995-12-31,184,42,55,586,89,322,1
EOG,1994,1994-12-31,60,643,0.27,160,565,-8,148,148,1994-12-31,154,6,59,626,80,406,3
EOG,1993,1993-12-31,59,647,0.23,116,522,-10,138,138,1993-12-31,112,-26,55,581,81,406,7
EOG,1992,1992-12-31,49,618,0.17,106,410,-22,98,98,1992-12-31,80,-18,44,459,65,304,-3
EOG,1991,1991-12-31,50,607,0.1,63,338,-29,55,55,1991-12-31,46,-9,46,388,54,274,11
EOG,1990,1990-12-31,44,607,0.1,42,328,-37,45,45,1990-12-31,35,-11,48,371,61,285,30
EOG,1989,1989-12-31,40,535,0,6,250,-33,-6,-6,1989-12-31,-9,-3,34,289,64,243,18
EOG,1988,1988-12-31,46,512,0,-40,231,-37,-16,-16,1988-12-31,-24,-9,38,278,71,271,52
EOG,1987,1987-12-31,48,512,-0.07,-53,220,-40,-41,-41,1987-12-31,-69,-29,42,268,61,273,24
EFX,2019,2019-12-31,1521.7,120.9,-3.22581,-335.4,1985.9,-111.7,-398.8,-392.8,2019-12-31,-433,-40.2,,3507.6,1978.7,2321.3,14.1
EFX,2018,2018-12-31,1440.4,121.4,2.46952,448,1971.7,-103.5,299.8,306.3,2018-12-31,356.3,50,,3412.1,1213.3,1523.6999999999998,11.8
EFX,2017,2017-12-31,1210.7,121.5,4.43621,824.6,2151.5,-92.8,587.3,549.7,2017-12-31,746.6,196.9,,3362.2,1039.1,1326.8999999999999,14.8
EFX,2016,2016-12-31,1113.4,121.1,4.06834,817.9,2031.5,-92.1,488.8,495.1,2016-12-31,728.2,233.1,,3144.9,942.5,1213.6,2.4
EFX,2015,2015-12-31,887.4,120.9,3.54921,693.9,1776.2,-63.8,429.1,434.8,2015-12-31,636.6,201.8,,2663.6,884.3,1082.3000000000002,6.5
EFX,2014,2014-12-31,844.7,123.5,2.9749,638.2,1591.7,-68.6,367.4,374,2014-12-31,574.2,200.2,,2436.4,751.7,953.5,4.6
EFX,2013,2013-12-31,787.3,123.7,2.74,611.2,1516.6,-70.2,351.8,341.5,2013-12-31,530.4,188.9,,2303.9,706.5,905.4000000000001,-10.6
EFX,2012,2012-12-31,829.1,122.5,2.51,489,1331.4,-55.4,272.1,280.8,2012-12-31,440.2,159.4,,2160.5,678.7,842.4,6.6
EFX,2011,2011-12-31,768.5,123.7,2.59,471,1191.3,-55.1,232.9,240.2,2011-12-31,408.2,168,,1959.8,554.8,720.3,-7.7
EFX,2010,2010-12-31,759.9,126.5,2.31,430,1099.6,-56.1,266.7,243.3,2010-12-31,375.2,131.9,,1859.5,507.4,669.6,1.3
EFX,2009,2009-12-31,767.8,127.9,1.96,407.6,1056.7,-57,233.9,240.5,2009-12-31,356.6,116.1,,1824.5,465.5,649.1000000000001,6
EFX,2008,2008-12-31,778.8,130.4,2.18,477.2,1156.9,-77.5,272.8,272.8,2008-12-31,405.9,133.1,,1935.7,524.3,679.7,6.2
EFX,2007,2007-12-31,752,135.1,2.02,486.2,1091,-64.6,272.7,272.7,2007-12-31,424.6,151.9,,1843,477.1,604.8,3
EFX,2006,2006-12-31,626.4,129.4,2.12,436.1,919.9,-36.4,274.5,274.5,2006-12-31,415.9,141.4,,1546.3,401,483.80000000000007,16.2
EFX,2005,2005-12-31,594.2,132.2,1.86,422,849.2,-40.5,246.5,246.5,2005-12-31,390.7,144.2,,1443.4,345,427.19999999999993,9.2
EFX,2004,2004-12-31,531.5,133.5,1.79,375.8,741.3,-38.1,234.7,237.3,2004-12-31,385.2,147.9,,1272.8,282,365.5,47.5
EFX,2003,2003-12-31,512.9,136.7,1.45,312,712.5,-42.9,164.9,178.5,2003-12-31,283.1,104.6,,1225.4,274.6,400.5,14
EFX,2002,2002-12-31,427.6,138.5,1.38,351.3,681.7,-43.2,178,191.3,2002-12-31,314.9,123.6,,1109.3,249.9,330.4,6.8
EFX,2001,2001-12-31,488.7,139,1.28,253.8,650.3,-50,122.5,117.3,2001-12-31,202.6,85.3,,1139,336.1,396.50000000000006,-1.2
EFX,2000,2000-12-31,1119.1,136,1.91,455.4,846.7,-76,228,228,2000-12-31,385.4,157.3,,1965.9,391.3,391.4000000000001,5.9
EFX,1999,1999-12-31,1032.4,139.6,1.74,414.5,740.3,-61,215.9,215.9,1999-12-31,365.9,150,,1772.7,325.8,325.79999999999995,12.4
EFX,1998,1998-12-31,943.8,144.4,1.49,365.7,677.1,-42.7,193.4,193.4,1998-12-31,327.2,133.8,,1621,311.5,311.5,4.3
EFX,1997,1997-12-31,778.9,147.8,1.43,298.9,587.2,-20.8,183.7,185.5,1997-12-31,323.1,137.6,,1366.1,263.2,288.30000000000007,45
EFX,1996,1996-12-31,1126.7,149.2,1.32,304.4,684.5,-23,177.6,177.6,1996-12-31,303.6,125.9,,1811.2,369.8,380.0999999999999,22.2
EFX,1995,1995-12-31,1038.9,154.4,1.03,262.9,584.1,-21.2,147.7,147.7,1995-12-31,249.2,101.6,,1623,321.2,321.0999999999999,7.5
EFX,1994,1994-12-31,905.3,148.6,0.81,214.1,516.7,-15.6,120.3,120.3,1994-12-31,207.5,87.1,,1422,302.6,302.60000000000014,9
EFX,1993,1993-12-31,780.4,150.1,0.61,119,436.8,-10.9,63.5,63.5,1993-12-31,112,48.5,,1217.2,269.3,317.80000000000007,3.9
EFX,1992,1992-12-31,733.7,163.9,0.52,141.3,400.6,-4,85.3,85.3,1992-12-31,144.8,59.4,,1134.3,259.3,259.29999999999995,7.5
EFX,1991,1991-12-31,713.9,163.9,0.44,92.6,379.9,-7.3,5.1,54.1,1991-12-31,93.5,39.4,,1093.8,255.2,287.30000000000007,8.1
EFX,1990,1990-12-31,708.7,161.9,0.47,115,370.1,-13.2,63.9,63.9,1990-12-31,112.9,48.9,,1078.8,233.3,255.0999999999999,11.1
EFX,1989,1989-12-31,569.3,160.6,0.22,67,271,-10.4,35.7,35.7,1989-12-31,60.1,24.4,,840.3,204,204,3.5
EFX,1988,1988-12-31,531.9,154.4,0.22,59.1,211.1,-3.3,39.4,34,1988-12-31,58.8,24.9,,743.1,152,152.10000000000002,3.1
EFX,1987,1987-12-31,475.5,85.5,0.36,58.1,194.5,-3.6,30.6,30.6,1987-12-31,56.4,25.8,,670,136.4,136.39999999999998,1.8
EFX,1986,1986-12-31,461.7,85.5,0.3,48.6,173.4,-3.9,25.6,25.6,1986-12-31,46.6,21,,635.1,124.8,124.80000000000001,1.9
EFX,1985,1985-12-31,416.3,85.5,0.26,41.6,147.9,-3.7,18.4,22.4,1985-12-31,40.3,17.9,,564.3,106.3,106.40000000000003,2.4
EFX,1984,1984-12-31,373.9,85.4,0.22,36.6,135.2,-3.2,18.6,18.6,1984-12-31,33.4,14.7,,509.1,98.6,98.60000000000002,
EFX,1983,1983-12-31,350.8,84.7,0.21,34.5,124.5,-2.3,17.8,17.8,1983-12-31,32.2,14.4,,475.3,90.1,90,
EQIX,2019,2019-12-31,2810.184,84.679,6.41717,1116.806,2751.956,-415.053,507.45,507.245,2019-12-31,692.597,185.352,,5562.14,1586.064,1635.1499999999996,-9.156
EQIX,2018,2018-12-31,2605.475,80.197,5.29908,926.006,2466.179,-507.012,365.359,358.859,2018-12-31,433.038,74.179,,5071.654,1460.396,1540.1730000000002,14.044
EQIX,2017,2017-12-31,2193.149,77.535,1.44915,743.242,2175.279,-465.623,232.982,44.495,2017-12-31,286.832,242.337,,4368.428,1327.63,1432.0370000000003,9.213
EQIX,2016,2016-12-31,1820.87,70.816,2.13455,606.463,1791.119,-388.68,126.8,114.408,2016-12-31,159.859,45.451,,3611.989,1133.303,1184.656,-57.924
EQIX,2015,2015-12-31,1291.506,58.483,3.85004,567.053,1434.361,-295.474,187.774,187.774,2015-12-31,210.998,23.224,,2725.867,825.296,867.3079999999998,-60.581
EQIX,2014,2014-12-31,1197.885,53.90333,-2.89174,352.276,1245.891,-267.662,-259.547,-260.726,2014-12-31,84.733,345.459,,2443.776,734.119,893.615,0.119
EQIX,2013,2013-12-31,1064.4,53,3.64,352.4,1088.4,-245.4,94.7,96.1,2013-12-31,112.3,16.2,,2152.8,621.4,735.8999999999999,5.3
EQIX,2012,2012-12-31,944.6,54.8,2.74,387.7,942.8,-196.9,140,130.1,2012-12-31,188.6,58.6,,1887.4,531.2,555.1,-2.2
EQIX,2011,2011-12-31,829,50.6,1.72,305.9,736.6,-179,83.3,92.4,2011-12-31,129.7,37.3,,1565.6,423.9,430.70000000000005,2.8
EQIX,2010,2010-12-31,652.4,47.4,1.03,179.2,536.2,-139,30.8,30.1,2010-12-31,40.9,10.8,,1188.7,331.4,357.1,0.7
EQIX,2009,2009-12-31,483.7,42,1.59,173.3,393.9,-71.8,65.7,65.7,2009-12-31,103.8,38.1,,877.6,218.9,220.59999999999997,2.4
EQIX,2008,2008-12-31,414.8,42.9,2.78,71.7,289.9,-44.9,107.9,107.9,2008-12-31,20.3,-87.6,,704.7,213.5,218.09999999999997,-6.5
EQIX,2007,2007-12-31,263.8,33.6,-0.2,4.1,155.7,-16.6,-9.9,-9.9,2007-12-31,-9.4,0.5,,419.4,146.5,151.5,3
EQIX,2006,2006-12-31,188.4,29.4,-0.41,1.9,98.5,-8,-6.4,-6.8,2006-12-31,-6.3,0.4,,286.9,104.7,96.6,-0.2
EQIX,2005,2005-12-31,158.4,24.7,-0.84,-36.8,62.7,-5.3,-42.6,-42.6,2005-12-31,-42.1,0.5,,221.1,65.7,99.4,0
EQIX,2004,2004-12-31,137,18.3,-2.55,-58.3,26.7,-10.2,-68.6,-68.6,2004-12-31,-68.5,0.2,,163.7,51.1,84.9,
EQIX,2003,2003-12-31,128.1,9.9,-8.5,-64,-10.2,-20.2,-84.2,-84.2,2003-12-31,-84.2,0,,117.9,53.8,53.80000000000001,
EQIX,2002,2002-12-31,103.8,3.1,-34.68,12.5,-26.6,-34.1,-21.6,-21.6,2002-12-31,-21.6,0,,77.2,46.2,-39.099999999999994,
EQIX,2001,2001-12-31,94.5,2.5,-55.17,-155.3,-31,-33.2,-188.4,-188.4,2001-12-31,-188.4,0,,63.4,75.6,124.19999999999999,
EQIX,2000,2000-12-31,42.6,1.1,-107.9,-107.1,-29.6,-12.7,-119.8,-119.8,2000-12-31,-119.8,0,,13,77.5,77.5,
EQIX,1999,1999-12-31,3.3,0.1,-154.66,-19.8,-3.2,-1,-20.8,-20.8,1999-12-31,-20.8,0,,0,16.6,16.5,
EQIX,1998,1998-12-31,0,0,-46.02,-1,0,-0.1,-1,-1,1998-12-31,-1,0,,0,1,1,
EQR,2019,2019-12-31,908.328,386.333,1.88854,1356.544,1792.747,-398.929,970.377,943.763,2019-12-31,941.482,-2.281,,2701.075,52.757,436.203,-18.177
EQR,2018,2018-12-31,879.634,383.695,1.22019,1115.37,1698.8,-409.353,657.535,688.859,2018-12-31,689.737,0.878,,2578.434,53.813,583.4300000000001,-17.267
EQR,2017,2017-12-31,826.269,382.678,1.16434,1004.528,1645.137,-386.28,603.454,631.751,2017-12-31,632.229,0.478,,2471.406,52.224,640.6089999999999,-5.186
EQR,2016,2016-12-31,806.225,381.992,1.19294,856.086,1619.575,-429.106,4292.163,4474.785,2016-12-31,4476.398,1.613,,2425.8,57.84,763.4889999999999,-10.368
EQR,2015,2015-12-31,905.168,380.62,1.46174,1009.238,1839.797,-447.916,870.12,892.596,2015-12-31,893.513,0.917,,2744.965,64.664,830.5590000000001,-2.942
EQR,2014,2014-12-31,883.6,377.7,1.16,921.4,1731.2,-463.8,631.3,665.1,2014-12-31,666.4,1.4,,2614.7,50.9,809.8000000000001,-9.1
EQR,2013,2013-12-31,834.3,354.3,-0.02,492.4,1553.4,-604.4,1830.6,-164,2013-12-31,-162.8,1.2,,2387.7,62.2,1061,-9.1
EQR,2012,2012-12-31,744.4,319.8,1,668,1379.3,-328.5,841.7,311.6,2012-12-31,312.1,0.5,,2123.7,47.2,711.4,-27.4
EQR,2011,2011-12-31,725.6,312.1,0.22,573.3,1263.9,-478.3,893.6,84,2011-12-31,84.7,0.7,,1989.5,43.6,690.4999999999999,-14.6
EQR,2010,2010-12-31,811.6,282.9,-0.04,435.3,1183.9,-480.7,283.6,-45.8,2010-12-31,-45.5,0.3,,1995.5,39.9,748.6999999999999,
EQR,2009,2009-12-31,781.9,273.6,0.01,529.4,1161.8,-499.9,362.3,20.2,2009-12-31,23,2.8,,1943.7,39,632.4,-6.5
EQR,2008,2008-12-31,844.9,290.1,0.54,500.1,1258.3,-455.3,420.1,39.6,2008-12-31,44.9,5.3,,2103.2,45,758.1999999999999,
EQR,2007,2007-12-31,833.9,302.2,0.41,565.8,1204.2,-475.1,989.6,97.1,2007-12-31,97.1,0,,2038.1,49.3,638.4,
EQR,2006,2006-12-31,832.1,315.6,0.3,513.1,1158.3,-405.1,1072.8,110.8,2006-12-31,110.8,0,,1990.4,48.5,645.1999999999999,
EQR,2005,2005-12-31,863.1,310.8,0.41,511.9,1091.9,-322.1,861.8,220.1,2005-12-31,220.1,0,,1954.9,71.8,579.9,
EQR,2004,2004-12-31,827.4,303.9,0.37,188.1,1062.1,,472.3,188.1,2004-12-31,188.1,0,,1889.5,51.2,874.0000000000001,-10.7
EQR,2003,2003-12-31,771.5,297,0.44,251.1,1051.8,,543.8,251.1,2003-12-31,251.1,0,,1823.3,38.8,800.7,-16.2
EQR,2002,2002-12-31,794.8,298,0.84,328.9,1184.4,,421.3,328.9,2002-12-31,328.9,0,,1979.2,46.5,870.3,
EQR,2001,2001-12-31,884.9,295.6,1.11,356.4,1255,,473.6,505.7,2001-12-31,505.7,0,,2140,35.4,929.3000000000001,
EQR,2000,2000-12-31,783.6,291.3,1.01,380.6,1210.3,,549.5,579,2000-12-31,579,0,,1993.9,26.4,866.1,
EQR,1999,1999-12-31,650.5,271.3,0.8,330.3,1066.2,,393.9,423.9,1999-12-31,423.9,0,,1716.7,22.3,772.3,
EQR,1998,1998-12-31,509.5,225.2,0.72,255,789.7,,258.2,276.7,1998-12-31,276.7,0,,1299.2,21.7,572.9000000000001,
EQR,1997,1997-12-31,275.8,148.6,0.79,176,437.7,,176.6,189.9,1997-12-31,189.9,0,,713.4,15.1,295.49999999999994,0
EQR,1996,1996-12-31,192.6,102.2,0.67,97,268.5,,101.6,119.4,1996-12-31,119.4,0,,461.2,9.9,188.79999999999998,0
EQR,1995,1995-12-31,168.3,88,0.39,59.7,212.7,,67.7,81.4,1995-12-31,81.4,0,,380.9,8.1,162.3,0
EQR,1994,1994-12-31,102.7,51.2,0.67,46,122.7,,34.4,46,1994-12-31,46,0,,225.5,6.1,82.3,0
EQR,1993,1993-12-31,50.2,29.2,0.15,8.1,58.8,,6.1,8.1,1993-12-31,8.1,0,,109,5.7,53.7,3.3
EQR,1992,1992-12-31,43.9,29.2,-0.11,-3.3,46.9,,14.9,-3.3,1992-12-31,-3.3,0,,90.8,4.3,52.4,0
EQR,1991,1991-12-31,42.9,29.2,-0.21,-6.2,45.8,,-0.8,-6.2,1991-12-31,-6.2,0,,88.7,3.7,52.9,0
EQR,1990,1990-12-31,44.8,29.2,-0.42,-12.2,41,,-8,-12.2,1990-12-31,-12.2,0,,85.8,3.4,54.400000000000006,0
ESS,2019,2019-12-31,397.695,65.93946,6.28563,484.829,1062.46,-50.459,439.286,464.448,2019-12-31,464.448,,,1460.155,87.161,577.6310000000001,-1.457
ESS,2018,2018-12-31,385.334,66.08509,4.95169,450.128,1014.719,-99.643,390.153,413.599,2018-12-31,413.599,0,,1400.053,84.513,564.5909999999999,
ESS,2017,2017-12-31,405.542,65.89826,4.8594,444.726,958.357,-101.747,433.059,456.543,2017-12-31,458.043,1.5,,1363.899,41.385,513.6310000000001,
ESS,2016,2016-12-31,388.927,65.58782,3.97215,420.194,905.074,-131.935,414.979,438.41,2016-12-31,442.82,4.41,,1294.001,40.751,484.88,
ESS,2015,2015-12-31,363.508,65.06169,2.42607,325.06,830.899,-158.168,232.12,248.239,2015-12-31,248.239,,,1194.407,40.09,505.839,
ESS,2014,2014-12-31,310.9,56.7,2.23,201.2,658.4,-112.8,122.2,134.4,2014-12-31,134.4,,,969.3,40.9,457.20000000000005,
ESS,2013,2013-12-31,196,37.3,3.47,176.5,417.7,-37.1,156.3,140.9,2013-12-31,140.9,0,,613.7,25.6,241.2,
ESS,2012,2012-12-31,174.1,35.1,2.83,185.9,369.3,-58.6,125.3,129.6,2012-12-31,129.6,0,,543.4,23.3,183.50000000000003,2.3
ESS,2011,2011-12-31,160.6,32.6,1.04,136.3,315,-88.2,47.1,49.8,2011-12-31,49.8,0,,475.6,25.3,178.70000000000002,1.7
ESS,2010,2010-12-31,145.5,29.7,1.21,24.7,270.2,26.1,35.9,50.8,2010-12-31,50.8,0,,415.7,26,245.60000000000002,0
ESS,2009,2009-12-31,139.7,29.7,2.45,31.2,271.7,13.5,37.1,45.1,2009-12-31,45.1,0,,411.4,23.7,240.5,0.2
ESS,2008,2008-12-31,134,25.3,1.82,62.2,278.9,-9.8,65.4,63.5,2008-12-31,63.5,0,,412.9,27,216.7,6.5
ESS,2007,2007-12-31,128.4,25.1,1.29,48.6,260.1,-6.5,115.6,41.7,2007-12-31,42.1,0.4,,388.5,26.3,211.6,
ESS,2006,2006-12-31,117.8,23.6,1.28,50.5,230.3,4.7,62.7,54.6,2006-12-31,55.2,0.5,,348.1,22.2,179.8,
ESS,2005,2005-12-31,105.4,23.4,1.85,41.4,221.9,27.7,79.7,72.9,2005-12-31,75.4,2.5,,327.3,19.1,180.49999999999997,
ESS,2004,2004-12-31,59,23.2,2.98,39.1,224.5,59.5,79.7,106.5,2004-12-31,106.5,0,,283.5,56.2,193.4,
ESS,2003,2003-12-31,46.9,21.7,1.7,60.1,176,,37.9,60.1,2003-12-31,60.1,0,,222.9,34.2,127.4,
ESS,2002,2002-12-31,32.5,18.7,2.38,68.7,144.8,,52.9,68.7,2002-12-31,68.7,0,,177.3,26.2,98.9,
ESS,2001,2001-12-31,33.6,18.8,2.38,69.2,149.8,,48.5,72.9,2001-12-31,72.9,0,,183.5,26.8,102.9,
ESS,2000,2000-12-31,29.8,18.7,2.17,64.1,138,,44.4,68.1,2000-12-31,68.1,0,,167.8,23,84.9,
ESS,1999,1999-12-31,28,18.5,1.85,51.9,112.4,,43.6,61.4,1999-12-31,61.4,0,,140.4,17.9,66.2,
ESS,1998,1998-12-31,25.9,16.8,1.69,35.9,96.2,,26.3,35.9,1998-12-31,35.9,0,,122,15.8,63.50000000000001,
ESS,1997,1997-12-31,18.2,15.3,1.62,28.7,63.2,,29.3,33.8,1997-12-31,33.8,0,,81.4,10,37.7,
ESS,1996,1996-12-31,11.3,7.3,1.26,9.1,37.2,,8.9,11.5,1996-12-31,11.5,0,,48.5,5.9,30.3,
ESS,1995,1995-12-31,10.2,6.3,0.8,8.1,32.2,,10.6,14.1,1995-12-31,14.1,0,,42.3,5,25.7,
ESS,1994,1994-12-31,18.3,6.3,0.54,4.7,15.7,,3.4,4.5,1994-12-31,4.7,0.3,,34,0.8,12.2,
ESS,1993,1993-12-31,16.3,6.3,-0.01,0.4,13.5,,0,-0.2,1993-12-31,0.4,0.6,,29.8,0.7,13.7,
ESS,1992,1992-12-31,15.1,6.3,-0.37,-2.3,12.3,,-2.3,-2.4,1992-12-31,-2.3,0,,27.5,1.1,15.299999999999999,
ESS,1991,1991-12-31,14.3,6.3,-0.56,-3.6,12.9,,-3.5,-3.6,1991-12-31,-3.6,0,,27.2,1.2,17.099999999999998,
ESS,1990,1990-12-31,8.8,6.3,-0.74,-5.1,14.6,,-4.7,-4.7,1990-12-31,-5.1,-0.4,,23.4,1.6,20.3,
ESS,1989,1989-12-31,6.6,6.3,-0.83,-5.9,10,,-5.2,-5.2,1989-12-31,-5.9,-0.6,,16.6,1.5,16.200000000000003,
EL,2020,2020-06-30,3552,366.9,4.59548,606,10742,444,684,696,2020-06-30,1046,350,228,14294,8402,10136,-4
EL,2019,2019-06-30,3387,370.4,5.47683,2313,11476,-75,1785,1799,2019-06-30,2307,508,202,14863,8649,9163,69
EL,2018,2018-06-30,2844,375.7,4.56517,2052,10839,-72,1108,1544,2018-06-30,1980,436,181,13683,8369,8787,
EL,2017,2017-06-30,2437,373,3.81916,1692,9387,-75,1249,1256,2017-06-30,1617,361,179,11824,7288,7695,
EL,2016,2016-06-30,2181.1,376.6,3.21435,1610.3,9081.2,-55.1,1114.6,1120.8,2016-06-30,1555.2,434.4,191.3,11262.3,7151.7,7470.9,
EL,2015,2015-06-30,2100.6,385.7,2.82318,1606.3,8679.8,-45.7,1088.9,1093.4,2015-06-30,1560.6,467.2,178.1,10780.4,6893.4,7073.5,0
EL,2014,2014-06-30,2158,393,3.06,1828,8811,-51,1204,1209,2014-06-30,1777,568,,10969,6984,6983,
EL,2013,2013-06-30,2025,395,2.68,1507,8159,-55,1020,1024,2013-06-30,1475,451,,10183,6599,6651,23
EL,2012,2012-06-30,1994,397,2.3,1312,7719,-61,857,861,2012-06-30,1261,401,,9714,6325,6408,11
EL,2011,2011-06-30,1931,402,1.91,1089,6879,-64,701,704,2011-06-30,1026,322,,8810,5697,5790,0
EL,2010,2010-06-30,1822,401,1.47,763,5974,-74,478,482,2010-06-30,688,206,,7796,5067,5211,0
EL,2009,2009-06-30,1882,395,0.79,418,5442,-76,218,227,2009-06-30,343,116,,7324,4884,5023,
EL,2008,2008-06-30,1997,394,1.23,811,5914,-67,474,484,2008-06-30,744,260,,7911,5089,5103,
EL,2007,2007-06-30,1775,416,1.1,750,5263,-39,449,456,2007-06-30,711,255,,7038,4501,4513,
EL,2006,2006-06-30,1687,435,0.87,620,4777,-24,244,336,2006-06-30,596,260,,6464,4066,4157,
EL,2005,2005-06-30,1617,457,0.89,721,4719,-14,406,415,2005-06-30,707,291,,6336,3998,3999,
EL,2004,2004-06-30,1476,463,0.81,644,4314,-27,342,384,2004-06-30,617,233,,5790,3670,3670,
EL,2003,2003-06-30,1336,469,0.66,495,3782,-8,320,327,2003-06-30,487,161,,5118,3265,3287,
EL,2002,2002-06-30,1273,482,0.54,341,3470,-10,192,217,2002-06-30,332,114,,4744,3019,3129,
EL,2001,2001-06-30,972,484,0.66,496,3636,-12,305,309,2001-06-30,483,174,,4608,3086,3141,
EL,2000,2000-06-30,972,485,0.6,516,3395,-17,314,314,2000-06-30,499,185,,4367,2879,2879,
EL,1999,1999-06-30,900,482,0.52,457,3062,-17,273,273,1999-06-30,440,167,,3962,2605,2605,
EL,1998,1998-06-30,820,479,0.45,409,2799,-6,237,242,1998-06-30,403,161,,3618,2389,2389,
EL,1997,1997-06-30,765,474,0.37,359,2617,4,198,211,1997-06-30,363,152,,3382,2257,2258,
EL,1996,1996-06-30,731,466,0.22,310,2464,3,160,175,1996-06-30,313,138,,3195,2153,2153,0
EL,1995,1995-06-30,675,458,0.21,231,2224,2,121,125,1995-06-30,233,108,,2899,1993,1993,0
EL,1994,1994-06-30,620,458,0.15,176,1956,-4,93,93,1994-06-30,173,80,,2576,1780,1781,1
EL,1993,1993-06-30,593,458,0.13,150,1855,0,63,76,1993-06-30,145,69,,2448,1705,1705,-5
EL,1992,1992-06-30,569,458,0.11,134,1683,0,72,72,1992-06-30,137,65,,2252,1549,1549,4
EL,1991,1991-06-30,550,458,0.08,124,1549,0,61,61,1991-06-30,127,66,,2100,1426,1426,3
RE,2019,2019-12-31,,40.42,25.17018,1130.68,,-31.693,1009.461,1009.461,2019-12-31,1098.987,89.526,,,1736.692,7121.388,
RE,2018,2018-12-31,,40.586,2.30401,-211.151,,-31.031,89.041,89.041,2018-12-31,-242.182,-331.223,,,1549.702,7580.756,
RE,2017,2017-12-31,,40.843,11.67863,436.787,,-31.603,468.968,477.214,2017-12-31,405.184,-72.03,,,1329.886,6178.377,
RE,2016,2016-12-31,,41.628,24.36943,1136.072,,-36.228,996.344,996.344,2016-12-31,1099.844,103.5,,,1215.923,4689.869,
RE,2015,2015-12-31,,43.795,24.17037,1244.7,,-36.191,977.869,1074.488,2015-12-31,1208.509,134.021,,,1225.29,4695.388,
RE,2014,2014-12-31,,45.802,26.6636,1484.648,,-38.533,1199.156,1258.463,2014-12-31,1446.115,187.652,,,1159.007,4345.443,
RE,2013,2013-12-31,,49.1,23.52,1601.1,,-46.1,1259.4,1265.3,2013-12-31,1555,289.7,,,1002.4,4040.8,
RE,2012,2012-12-31,,52.1,15.96,993.2,,-53.7,829,829,2012-12-31,939.5,110.6,,,976.7,3939.6,
RE,2011,2011-12-31,,53.8,-1.29,-181.6,,-52.3,-80.5,-80.5,2011-12-31,-233.9,-153.5,,,967,4891.8,
RE,2010,2010-12-31,,56.8,10.74,647.1,,-55.8,610.8,610.8,2010-12-31,591.2,-19.5,,,946.8,4061.7,
RE,2009,2009-12-31,,60.8,13.4,1011.4,,-72.1,807,807,2009-12-31,939.3,132.3,,,945.9,3500.4,
RE,2008,2008-12-31,,61.7,-0.3,-4.4,,-79.2,-18.8,-18.8,2008-12-31,-83.6,-64.8,,,930.7,3532,
RE,2007,2007-12-31,,63.6,13.19,1028,,,839.3,839.3,2007-12-31,1028,188.7,,,961.8,3754.1,
RE,2006,2006-12-31,,65.3,12.87,991.8,,,840.8,840.8,2006-12-31,991.8,150.9,,,883.3,3525.6,
RE,2005,2005-12-31,,57.6,-3.79,-280.9,,,-218.7,-218.7,2005-12-31,-280.9,-62.3,,,914.8,4836,
RE,2004,2004-12-31,,56.8,8.71,559.7,,,494.9,494.9,2004-12-31,559.7,64.9,,,975.2,4449,
RE,2003,2003-12-31,,55,7.74,491.2,,,426,426,2003-12-31,491.2,65.2,,,863.9,3615.5,
RE,2002,2002-12-31,,51.1,4.52,262,,,231.3,231.3,2002-12-31,262,30.7,,,551.8,2295.6,
RE,2001,2001-12-31,,47.1,2.1,90.3,,,99,99,2001-12-31,90.3,-8.7,,,396.8,1711.2,
RE,2000,2000-12-31,,46.4,4.02,231.7,,,186.4,186.4,2000-12-31,231.7,45.4,,,272.4,1248.1,
RE,1999,1999-12-31,,48.7,3.29,196.6,,,158.1,158.1,1999-12-31,196.6,38.5,,,286,1110.1,
RE,1998,1998-12-31,,50.7,3.26,212.7,,,165.2,165.2,1998-12-31,212.7,47.5,,,274.6,1102.5,
RE,1997,1997-12-31,,50.8,3.05,207.3,,,155,155,1997-12-31,207.3,52.3,,,274.8,1091.9,
RE,1996,1996-12-31,,50.7,2.21,143.8,,,112,112,1996-12-31,143.8,31.8,,,254.6,1025.5,
RE,1995,1995-12-31,,50.2,0.01,-26.6,,,0.7,0.7,1995-12-31,-26.6,-27.3,,,240.7,975.4,
RE,1994,1994-12-31,,50,0.32,-12,,,10.7,10.7,1994-12-31,-12,-22.6,,,197.9,994.8,
RE,1993,1993-12-31,,50,2.53,156.5,,,126.4,126.4,1993-12-31,156.5,30.2,,,189.6,941.7,
RE,1992,1992-12-31,,50,-1.23,-113.8,,,-61.6,-61.6,1992-12-31,-113.8,-52.2,,,202,1111.8,
RE,1991,1991-12-31,,50,2.11,124.9,,,105.5,105.5,1991-12-31,124.9,19.4,,,200.6,872.9,
RE,1990,1990-12-31,,50,0.42,-6.9,,,21,21,1990-12-31,-6.9,-27.9,,,157.8,777.6,
EVRG,2019,2019-12-31,,239.9,2.9087,1185.8,,-363,669.9,675.8,2019-12-31,772.8,97,,,,3962,-50
EVRG,2018,2018-12-31,,214.1,3.12581,933.6,,-270.8,535.8,540.6,2018-12-31,599.6,59,,,,3342.3,-63.2
EVRG,2017,2017-12-31,,142.6,2.27139,678.8,,-167,323.9,329.8,2017-12-31,481,151.2,,,,1892.2,-30.8
EVRG,2016,2016-12-31,,142.47468,2.42754,681.883,,-152.713,346.577,361.2,2016-12-31,545.74,184.54,,,261.451,1880.204,16.57
EVRG,2015,2015-12-31,,139.27822,2.09138,620.997,,-169.003,291.929,301.796,2015-12-31,453.796,152,,,250.278,1838.167,1.802
EVRG,2014,2014-12-31,,130,2.4,633,,-172.5,313.3,322.3,2014-12-31,473.6,151.3,,2601.7,250.4,1968.7,13.1
EVRG,2013,2013-12-31,,128.3,2.27,579.2,,-172.1,292.5,300.9,2013-12-31,424.6,123.7,,2370.7,224.1,1791.5,17.5
EVRG,2012,2012-12-31,,126.9,2.15,562.1,,-168.9,275.1,282.5,2012-12-31,408.6,126.1,,,226,1699.3,15.4
EVRG,2011,2011-12-31,,118.3,1.93,512.4,,-163.2,230.2,236.2,2011-12-31,339.5,103.3,,,184.7,1658.6,-9.7
EVRG,2010,2010-12-31,,112,1.8,472.9,,-167.9,203.9,208.6,2010-12-31,293.7,85,,,207.6,1583.3,-11.3
EVRG,2009,2009-12-31,,109.6,1.28,354.9,,-144.7,175.1,141.3,2009-12-31,200.2,58.9,,,200,1503.3,-10.1
EVRG,2008,2008-12-31,,104,1.7,284.6,,-116.9,178.1,178.1,2008-12-31,182.1,3.9,,,184.4,1554.4,14.3
EVRG,2007,2007-12-31,,90.7,1.85,337.4,,-97.9,168.4,168.4,2007-12-31,232.2,63.8,,,178.6,1389.4,-7.3
EVRG,2006,2006-12-31,,88.1,1.87,306.8,,-89.4,165.3,165.3,2006-12-31,221.6,56.3,,,171,1299,4.3
EVRG,2005,2005-12-31,,87.4,1.53,300.7,,-97.7,135.6,134.9,2005-12-31,195.4,60.5,,,166.1,1282.6,-7.6
EVRG,2004,2004-12-31,,83.6,1.35,271.1,,-125.4,178.9,100.1,2004-12-31,133.5,33.4,,,173.5,1193.4,-12.1
EVRG,2003,2003-12-31,,73.4,2.45,344.4,,-88.3,85,162.9,2003-12-31,244.7,81.8,,,160.8,1116.7,-11.5
EVRG,2002,2002-12-31,,71.7,1.85,-206.5,,-81.2,-793,-166,2002-12-31,-323.6,-157.6,,348.2,361.1,1977.6,-35.9
EVRG,2001,2001-12-31,,70.6,-0.6,56,,-204,-20.9,-62.7,2001-12-31,-143.6,-80.9,,417.9,334.9,2130.3,4.4
EVRG,2000,2000-12-31,,69,1.3,225.6,,-88.5,136.5,91.1,2000-12-31,137.1,46.1,,537.9,343.2,2142.8,0
EVRG,1999,1999-12-31,,67.1,0.85,198.3,,-245.2,12.5,0.7,1999-12-31,-32.6,-33.4,,605.2,342.7,1837.8,14.2
EVRG,1998,1998-12-31,,65.6,1.79,230.5,,-204,47.8,46.2,1998-12-31,60.7,14.6,,421.1,263.2,1803.5,34.2
EVRG,1997,1997-12-31,,65.1,8.28,142.9,,-193.2,494.1,494.1,1997-12-31,872.7,378.6,,152.3,312.9,2008.8,923
EVRG,1996,1996-12-31,,63.8,2.78,285.8,,-123.1,169,169,1996-12-31,166,-3,,2046.8,,1761,3.2
EVRG,1995,1995-12-31,,62.2,2.89,275.4,,-126.5,181.7,181.7,1995-12-31,176.5,-5.1,,1572.1,,1296.7,27.7
EVRG,1994,1994-12-31,,61.6,2.82,370.7,,-118.9,187.4,187.4,1994-12-31,283.1,95.6,,1764.8,0,1394.1,31.3
EVRG,1993,1993-12-31,,59.3,2.76,370,,-140.2,177.4,177.4,1993-12-31,255.3,78,,1909.4,0,1539.3,25.5
EVRG,1992,1992-12-31,,52.3,2.2,274.1,,-135.5,127.9,127.9,1992-12-31,162.8,34.9,,1556.2,0,1282.2,24.2
EVRG,1991,1991-12-31,,34.6,1.91,154.1,,-60.7,89.6,72.3,1991-12-31,96.8,24.5,,1162.2,0,1008,3.4
EVRG,1990,1990-12-31,,34.6,2.25,162.7,,-61.4,79.6,79.6,1990-12-31,110.3,30.7,,1149.8,0,987.1,9
EVRG,1989,1989-12-31,,34.6,2.05,159.8,,-53.6,72.8,72.8,1989-12-31,107.1,34.3,,1127.6,0,967.8,0.9
EVRG,1988,1988-12-31,,34.6,2.25,175.3,,-50.2,79.8,79.8,1988-12-31,124.6,44.8,,1166.1,0,990.8,-0.5
EVRG,1987,1987-12-31,,34.6,2.46,198.6,,-51.2,88.7,88.7,1987-12-31,148.9,60.2,,1166.5,0,967.9,1.6
EVRG,1986,1986-12-31,,34.6,2.42,208.5,,-52.4,91.4,91.4,1986-12-31,157.3,65.9,,1198.9,0,990.4,1.1
EVRG,1985,1985-12-31,,34.3,2.47,227.1,,-52.7,88,93.8,1985-12-31,174.9,81.1,,1354.1,0,1127,0.4
EVRG,1984,1984-12-31,,33.4,2.4,227.5,,-56.3,89.8,89.8,1984-12-31,173.6,83.8,,1480.2,0,1252.7,2.4
EVRG,1983,1983-12-31,,32.3,2.33,184.9,,-41.8,83.6,83.6,1983-12-31,151.6,68,,922.1,0,737.2,8.6
ES,2019,2019-12-31,,322.94164,3.37452,1590.491,,-477.397,909.053,916.572,2019-12-31,1190.071,273.499,,8521.77,,6931.279,76.677
ES,2018,2018-12-31,,317.99393,3.32431,1699.93,,-498.805,1033,1045.519,2018-12-31,1329.491,283.972,,8472.501,,6772.571,128.366
ES,2017,2017-12-31,,318.03158,3.1066,1888.249,,-421.755,987.996,995.515,2017-12-31,1574.407,578.892,,7751.952,,5863.703,107.913
ES,2016,2016-12-31,,318.45424,2.95899,1859.859,,-400.961,942.302,949.821,2016-12-31,1504.818,554.997,,7639.129,,5779.27,45.92
ES,2015,2015-12-31,,318.43269,2.78473,1764.164,,-372.42,878.485,886.004,2015-12-31,1425.971,539.967,,7954.827,,6190.663,34.227
ES,2014,2014-12-31,,317.41741,2.62637,1632.849,,-362.106,819.546,827.065,2014-12-31,1295.362,468.297,,7741.856,,6109.007,24.619
ES,2013,2013-12-31,,316.2,2.51,1529.4,,-338.7,786,793.7,2013-12-31,1220.6,426.9,,7301.2,,5771.8,29.9
ES,2012,2012-12-31,,278,1.89,1118.2,,-329.9,533.1,533.1,2012-12-31,808,274.9,,6273.8,,5155.6,19.7
ES,2011,2011-12-31,,177.8,2.22,794.2,,-250.4,400.5,400.5,2011-12-31,571.5,171,,4465.7,,3671.5,27.7
ES,2010,2010-12-31,,176.9,2.19,799.9,,-218.2,394.1,394.1,2010-12-31,604.5,210.4,,4898.2,,4098.3,6.1
ES,2009,2009-12-31,,172.7,1.91,751.4,,-256.1,335.6,335.6,2009-12-31,515.5,179.9,,5439.4,,4688.1,10.9
ES,2008,2008-12-31,,156,1.67,590.8,,-265.4,266.4,266.4,2008-12-31,372,105.7,,5800.1,,5209.3,17.7
ES,2007,2007-12-31,,155.3,1.59,539.5,,-214.4,252,251.5,2007-12-31,360.9,109.4,,5822.2,,5282.7,18.4
ES,2006,2006-12-31,,154.1,0.86,223.9,,-238,476.1,131.7,2006-12-31,50.3,-81.4,,6884.4,,6660.5,64.4
ES,2005,2005-12-31,,131.6,-1.52,-153.9,,-269.8,-247.9,-223.7,2005-12-31,-386.4,-162.8,,7397.4,,7551.3,37.2
ES,2004,2004-12-31,,128.4,0.91,413,,-253.5,122.1,122.1,2004-12-31,173.9,51.8,,6686.7,,6273.7,14.5
ES,2003,2003-12-31,,127.2,0.95,433.4,,-246.4,122,126.7,2003-12-31,186.6,59.9,,6069.2,,5635.8,-0.4
ES,2002,2002-12-31,,129.3,0.23,466.7,,-270.5,157.7,157.7,2002-12-31,240,82.3,,5216.3,,4749.7,43.8
ES,2001,2001-12-31,0,135.9,-1.11,539.2,,-279.7,250.8,273.2,2001-12-31,447.1,174,,6873.8,,6334.7,187.6
ES,2000,2000-12-31,0,142,1.45,694.8,,-294,-14.4,219.5,2000-12-31,381.2,161.7,,5876.6,,5181.8,-19.6
ES,1999,1999-12-31,0,132,-1.26,525.4,,-276.3,57,57,1999-12-31,155.6,98.6,,4471.3,,3945.8,-101.9
ES,1998,1998-12-31,0,130.5,-1.12,307.1,,-266,-120.3,-120.3,1998-12-31,-114.4,5.9,,3767.7,,3460.7,-162.4
ES,1997,1997-12-31,0,129.6,-1.05,193.6,,-283.7,-105.4,-105.4,1997-12-31,-107.5,-2.1,,3834.8,,3641.2,-38.5
ES,1996,1996-12-31,0,128,0.01,339.8,,-289.3,35.6,35.6,1996-12-31,105.6,70,,3792.1,,3452.3,30.9
ES,1995,1995-12-31,0,126.1,2.24,853.2,,-309.3,321.8,321.8,1995-12-31,583.8,262,,3749,,2895.8,2.4
ES,1994,1994-12-31,0,124.7,2.3,841.9,,-281.1,329.9,329.9,1994-12-31,617.9,288,,3642.7,,2800.9,57.1
ES,1993,1993-12-31,0,123.9,1.6,695.5,,-291.8,297.6,246,1993-12-31,468.8,222.8,,3629.1,,2933.6,65
ES,1992,1992-12-31,0,130.4,2.02,686.7,,-250.5,310.4,310.4,1992-12-31,556.6,246.2,,3216.9,,2530.2,120.5
ES,1991,1991-12-31,0,111.5,2.12,580.1,,-190.7,279.3,279.3,1991-12-31,469.9,190.6,,2753.8,,2173.7,80.5
ES,1990,1990-12-31,308.2,109,1.94,535,,-212.5,256,256,1990-12-31,410.4,154.4,,2616.3,,1773.1000000000001,88
ES,1989,1989-12-31,216.7,108.7,1.87,536.5,,-227.1,247.9,242,1989-12-31,393.4,151.4,,2473.6,,1720.3999999999999,84
ES,1988,1988-12-31,115.9,108.7,2.07,507.6,,-191.4,272.5,263.4,1988-12-31,439.8,176.4,,2268.6,,1645.1,123.6
ES,1987,1987-12-31,-20.5,108.7,1.97,400.4,,-168.8,267.7,253.1,1987-12-31,376.3,123.2,,1878.1,,1498.2,144.7
ES,1986,1986-12-31,69.2,108.4,2.78,488.3,,-178.3,342.6,342.6,1986-12-31,528.3,185.7,,2032.1,,1474.6,218.3
ES,1985,1985-12-31,258.8,106.2,2.72,470.4,,-172.4,332.8,332.8,1985-12-31,514.5,181.7,,2081,,1351.8,216.5
ES,1984,1984-12-31,116.2,101.4,2.85,559.9,,-174.2,334.4,334.4,1984-12-31,549.9,215.5,,2095.3,,1419.2,164.3
ES,1983,1983-12-31,269.1,93.5,2.37,445.3,,-158.3,260.4,260.4,1983-12-31,419.5,159,,1889.1,,1174.6,132.4
EXC,2019,2019-12-31,14460,974,3.11613,4374,,-1616,2936,3211,2019-12-31,3985,774,,34438,,15604,1227
EXC,2018,2018-12-31,15541,969,2.09846,3891,,-1554,2005,2107,2018-12-31,2225,118,,35978,,16546,-112
EXC,2017,2017-12-31,12904,949,4.10469,4388,,-1560,3779,3901,2017-12-31,3775,-126,,33558,,16266,947
EXC,2016,2016-12-31,12640,927,1.38604,3212,,-1536,1121,1220,2016-12-31,1973,753,,31366,,15514,297
EXC,2015,2015-12-31,13084,893,2.58717,4409,,-1033,2269,2257,2015-12-31,3330,1073,,29447,,11954,-46
EXC,2014,2014-12-31,13003,864,1.79,3096,,-1065,1623,1820,2014-12-31,2486,666,,27429,,11330,455
EXC,2013,2013-12-31,10724,860,2,3656,,-1356,1719,1729,2013-12-31,2773,1044,,24888,,10508,473
EXC,2012,2012-12-31,10157,819,2.04,2380,,-928,1160,1171,2012-12-31,1798,627,,23489,,10952,346
EXC,2011,2011-12-31,5284,665,3.88,4479,,-726,2495,2495,2011-12-31,3952,1457,,18924,,9161,199
EXC,2010,2010-12-31,4425,663,4.09,4726,,-817,2563,2563,2010-12-31,4221,1658,,18644,,9493,312
EXC,2009,2009-12-31,3215,662,4.33,4723,,-731,2707,2706,2009-12-31,4418,1712,,17318,,9380,426
EXC,2008,2008-12-31,4270,662,4.1,5273,,-832,2737,2717,2008-12-31,4034,1317,,18859,,9316,-407
EXC,2007,2007-12-31,5282,676,4.03,4562,,-850,2736,2726,2007-12-31,4172,1446,,18916,,9072,460
EXC,2006,2006-12-31,2683,676,3,3410,,-880,1592,1590,2006-12-31,2796,1206,,15655,,9562,266
EXC,2005,2005-12-31,3162,676,2.3,2590,,-829,923,951,2005-12-31,1895,944,,15357,,9605,134
EXC,2004,2004-12-31,2727,669,2.75,3280,,-908,1864,1820,2004-12-31,2512,692,,14515,,8508,140
EXC,2003,2003-12-31,3841,657,2.58,1922,,-803,905,793,2003-12-31,1124,331,,15812,,10049,20
EXC,2002,2002-12-31,3535,650,2.42,3332,,-893,1440,1670,2002-12-31,2668,998,,14955,,8088,9
EXC,2001,2001-12-31,,644,2.2,3424,,-1156,1428,1416,2001-12-31,2347,931,,15140,,11716,79
EXC,2000,2000-12-31,,408,1.81,1486,,-632,586,566,2000-12-31,907,341,,7499,,6013,53
EXC,1999,1999-12-31,,395,1.54,1371,,-417,582,619,1999-12-31,977,358,,5437,,4065,19
EXC,1998,1998-12-31,,448,1.33,1283,,-362,513,532,1998-12-31,852,320,,5210,,3927,-73
EXC,1997,1997-12-31,,445,0.63,1075,,-402,-1497,337,1997-12-31,629,293,,4618,,3542,-66
EXC,1996,1996-12-31,,445,1.12,1249,,-409,517,517,1996-12-31,857,340,,4284,,3035,-2
EXC,1995,1995-12-31,,444,1.24,1401,,-445,610,610,1995-12-31,1041,432,,4186,,2785,0
EXC,1994,1994-12-31,,443,1.25,1064,,-421,427,427,1994-12-31,661,234,,4041,,2977,18
EXC,1993,1993-12-31,,442,1.22,1390,,-457,591,591,1993-12-31,945,354,,3988,,2598,12
EXC,1992,1992-12-31,,440,0.95,1298,,-505,479,479,1992-12-31,743,264,,3962,,2665,-49
EXC,1991,1991-12-31,,436,1.07,1390,,-569,535,535,1991-12-31,844,309,,3976,,2586,23
EXC,1990,1990-12-31,,429,0.41,949,,-583,214,106,1990-12-31,287,181,,3705,,2756,-79
EXC,1989,1989-12-31,,418,1.18,1005,,-507,590,590,1989-12-31,786,196,,3406,,2401,289
EXC,1988,1988-12-31,,403,1.16,949,,-426,566,566,1988-12-31,773,207,,3229,,2279,250
EXC,1987,1987-12-31,,385,1.16,982,,-392,542,541,1987-12-31,806,265,,3181,,2199,216
EXC,1986,1986-12-31,,366,0.5,859,,-370,277,276,1986-12-31,560,284,,3091,,2232,71
EXC,1985,1985-12-31,,340,1.27,612,,-196,525,523,1985-12-31,723,200,,2945,,2333,306
EXC,1984,1984-12-31,,304,1.33,693,,-213,492,488,1984-12-31,731,243,,2899,,2206,251
EXC,1983,1983-12-31,,268,1.2,594,,-198,389,389,1983-12-31,589,200,,2596,,2002,193
EXPE,2019,2019-12-31,2163,149.884,4.05519,903,9904,-140,565,572,2019-12-31,775,203,1226,12067,6982,9001,12
EXPE,2018,2018-12-31,1965,152.889,3.02587,714,9258,-227,406,398,2018-12-31,485,87,1122,11223,6575,8544,-2
EXPE,2017,2017-12-31,1756.531,156.385,2.55763,625.138,8303.313,-205.597,377.964,357.24,2017-12-31,416.764,59.524,941.787,10059.844,5973.793,7678.175,-2.777
EXPE,2016,2016-12-31,1596.698,154.517,2.4525,461.702,7176.866,-182.273,281.848,261.285,2016-12-31,276.6,15.315,873.019,8773.564,5060.207,6715.163999999999,-2.829
EXPE,2015,2015-12-31,1309.559,134.018,2.74248,922.376,5362.758,-7.326,764.465,722.748,2015-12-31,925.962,203.214,830.244,6672.317,3954.999,4440.382,10.912
EXPE,2014,2014-12-31,1179.081,133.168,3.14392,517.764,4584.404,-59.206,398.097,372.95,2014-12-31,464.641,91.691,686.154,5763.485,3233.702,4066.6399999999994,6.083
EXPE,2013,2013-12-31,1038,140,2.01,366,3733,-63,233,216,2013-12-31,301,84,578,4771,2573,3367,-2
EXPE,2012,2012-12-31,899,140,2.16,432,3132,-78,280,303,2012-12-31,350,47,485,4030,2066,2700,-4
EXPE,2011,2011-12-31,761,139,2.34,480,2688,-79,472,326,2011-12-31,402,76,381,3449,1784,2208,1
EXPE,2010,2010-12-31,693,144,2.93,732,2655,-112,422,426,2010-12-31,621,195,362,3348,1524,1923,1
EXPE,2009,2009-12-31,607,146,2.21,571,2348,-112,300,304,2009-12-31,458,154,320,2955,1385,1777,-1
EXPE,2008,2008-12-31,635,143,-3.99,-2429,2302,-85,-2518,-2521,2008-12-31,-2515,6,209,2937,1457,4731,-1
EXPE,2007,2007-12-31,562,157,1.88,529,2103,-44,296,294,2007-12-31,497,203,182,2665,1314,1574,12
EXPE,2006,2006-12-31,503,176,1.56,351,1735,36,245,245,2006-12-31,385,139,140,2238,1076,1383,-2
EXPE,2005,2005-12-31,471,175,1.38,374,1649,49,229,228,2005-12-31,414,186,112,2119,1001,1275,-8
EXPE,2004,2004-12-31,413,186,0.88,240,1430,29,163,163,2004-12-31,270,106,,1843,1016,1190,
EXPE,2003,2003-12-31,1199,161,0.74,244,1140,12,111,158,2003-12-31,255,97,,2340,740,897,
EXPE,2002,2002-12-31,189,64,1.2,109,401,11,70,70,2002-12-31,120,50,37,591,222,293,
EXPE,2001,2001-12-31,52,62,0.13,-1,109,2,0,0,2001-12-31,0,0,14,161,69,111,
EXPE,2000,2001-06-30,74,47,-1.22,-83,148,5,-78,-78,2001-06-30,-78,0,25,222,144,231,
EXPE,1999,2000-06-30,80,38,-2.97,-121,54,2,-118,-118,2000-06-30,-118,0,20,135,137,176,
EXPE,1998,1999-06-30,16,33,-0.59,-20,23,0,-20,-20,1999-06-30,-20,0,21,39,21,42,
EXPE,1997,1998-06-30,10,33,-0.89,-29,4,0,-29,-29,1998-06-30,-29,0,19,14,15,33,
EXPE,1996,1997-06-30,3,33,-0.88,-29,-1,,-29,-29,1997-06-30,-29,0,16,3,12,29,
EXPE,1995,1996-06-30,0,33,-0.24,-8,0,,-8,-8,1996-06-30,-8,0,6,0,2,8,
EXPE,1994,1995-06-30,0,33,-0.03,-1,0,,-1,-1,1995-06-30,-1,0,1,0,0,1,
EXPD,2019,2019-12-31,5538.958,174.209,3.389,766.692,2636.468,22.803,590.395,592.016,2019-12-31,795.794,203.778,,8175.426,1632.499,1869.7760000000007,6.299
EXPD,2018,2018-12-31,5517.992,177.833,3.58318,796.563,2620.373,19.153,618.199,638.798,2018-12-31,818.329,179.531,,8138.365,1591.418,1823.8099999999995,2.613
EXPD,2017,2017-12-31,4601.759,181.666,2.4775,700.26,2319.189,13.204,489.345,451.115,2017-12-31,718.595,267.48,,6920.948,1431.142,1618.929,5.131
EXPD,2016,2016-12-31,3934.001,182.704,2.35795,670.163,2164.036,11.58,430.807,432.533,2016-12-31,686.856,254.323,,6098.037,1308.21,1493.8729999999996,5.113
EXPD,2015,2015-12-31,4428.855,190.223,2.40362,721.484,2187.777,10.421,457.223,459.497,2015-12-31,736.689,277.192,,6616.632,1287.971,1466.2930000000006,4.784
EXPD,2014,2014-12-31,4583.294,196.76807,1.91539,594.648,1981.427,10.773,376.888,379.46,2014-12-31,610.889,231.429,,6564.721,1206.264,1386.7790000000005,5.468
EXPD,2013,2013-12-31,4197.4,206.9,1.68,552.1,1882.9,11.8,348.5,350,2013-12-31,572.6,222.6,,6080.3,1164.3,1330.8000000000002,8.7
EXPD,2012,2012-12-31,4156.8,211.9,1.57,530.8,1824.1,16,333.4,333,2012-12-31,550.4,217.4,,5980.9,1117.3,1293.3000000000002,3.6
EXPD,2011,2011-12-31,4254,215,1.79,618.3,1896.5,9.3,385.7,386.2,2011-12-31,638,251.8,,6150.5,1117,1278.1999999999998,10.4
EXPD,2010,2010-12-31,4274.8,216.4,1.59,547.2,1692.8,6.4,344.2,344.2,2010-12-31,564.1,219.9,,5967.6,1003.4,1145.5,10.4
EXPD,2009,2009-12-31,2709.5,216.5,1.11,385,1382.8,9.7,240.2,240.4,2009-12-31,402.9,162.5,,4092.3,874.8,997.8000000000002,8.2
EXPD,2008,2008-12-31,4030.6,219.2,1.37,473.1,1603.3,20.9,301,303,2008-12-31,499.6,196.6,,5633.9,978.6,1130.1,5.5
EXPD,2007,2007-12-31,3782.2,221.8,1.21,423.4,1453,22.4,269.2,269.9,2007-12-31,449.7,179.8,,5235.2,898.3,1029.6000000000004,3.9
EXPD,2006,2006-12-31,3343,222.2,1.06,375.1,1282.9,17.8,235.1,235,2006-12-31,395.7,160.7,,4626,790.5,907.8999999999996,2.7
EXPD,2005,2005-12-31,2842.2,223.3,0.98,304.5,1059.6,11.1,218.6,225.5,2005-12-31,320.2,94.6,,3901.8,642,755.1000000000004,4.5
EXPD,2004,2004-12-31,2411.3,221.6,0.7,241,906.2,5.6,156.1,161.2,2004-12-31,249.6,88.4,,3317.5,559.2,665.1999999999998,2.9
EXPD,2003,2003-12-31,1874.4,218,0.56,186.8,750.5,4.3,122,124.5,2003-12-31,195.6,71.1,,2624.9,469.1,563.7999999999997,4.5
EXPD,2002,2002-12-31,1614.7,217.8,0.53,171,682.2,6.1,112.5,112.5,2002-12-31,178,65.5,,2296.9,420.4,511.20000000000005,0.9
EXPD,2001,2001-12-31,1046.1,219.5,0.45,146,606.5,8.7,97.2,97.2,2001-12-31,154.3,57.1,,1652.6,382,460.5,-0.4
EXPD,2000,2000-12-31,1146.8,218.7,0.38,127.5,548.4,5.9,83,83,2000-12-31,133.3,50.3,,1695.2,340.1,420.9000000000001,-0.1
EXPD,1999,1999-12-31,1002.1,215.3,0.28,93.3,442.5,1.2,59.2,59.2,1999-12-31,94.6,35.5,,1444.6,284,349.19999999999993,0.1
EXPD,1998,1998-12-31,710.3,212.2,0.23,73.4,353.5,1.7,47.3,47.3,1998-12-31,75.6,28.3,,1063.7,220.8,280,0.5
EXPD,1997,1997-12-31,663.5,210.6,0.18,59.9,290.5,1.7,38.4,38.4,1997-12-31,62.6,24.2,,954,177.5,230.60000000000002,0.9
EXPD,1996,1996-12-31,527.8,205.2,0.12,37.4,202.3,2.1,24.3,24.3,1996-12-31,39.6,15.3,,730.1,127.5,164.9000000000001,0.1
EXPD,1995,1995-12-31,430.6,201.3,0.09,26.9,154.1,1.4,17.4,17.4,1995-12-31,28.4,11,,584.7,98.5,127.19999999999993,0.1
EXPD,1994,1994-12-31,331.5,196.4,0.07,21.4,119.1,0,13.4,13.4,1994-12-31,22.6,9.2,,450.6,69.5,97.80000000000001,1.2
EXPD,1993,1993-12-31,268.1,192.4,0.05,16.3,93.4,,10.2,10.2,1993-12-31,17.1,6.9,,361.5,50.1,77.09999999999997,0.8
EXPD,1992,1992-12-31,254.5,193,0.06,14.5,78.6,,11.3,11.3,1992-12-31,15.7,4.5,,333.2,43.5,64.19999999999999,1.2
EXPD,1991,1991-12-31,192.7,189.1,0.05,12.6,61.3,,10.2,10.2,1991-12-31,14.3,4.1,,254,32.8,48.70000000000002,1.7
EXPD,1990,1990-12-31,157.1,186.9,0.05,11.2,49.7,,9.7,9.7,1990-12-31,13.5,3.8,,206.9,25.6,38.599999999999994,2.3
EXPD,1989,1989-12-31,151.2,186.3,0.05,10.7,42.4,,9.3,9.3,1989-12-31,12.3,3,,193.6,21.5,31.700000000000017,1.6
EXPD,1988,1988-12-31,113.7,184.8,0.04,8.1,33.8,,7.2,7.2,1988-12-31,9.1,1.9,,147.5,16.9,25.700000000000003,1
EXPD,1987,1987-12-31,119.1,183.9,0.03,6.6,27.7,,5.8,5.8,1987-12-31,7.2,1.3,,146.8,13.5,21.099999999999994,0.6
EXPD,1986,1986-12-31,88.2,177.7,0.02,4.5,20.5,,4.1,4.1,1986-12-31,4.9,0.8,,108.8,9.9,16,0.4
EXPD,1985,1985-12-31,54,162.3,0.02,2.7,12,,2.9,2.9,1985-12-31,3.3,0.5,,66,5.8,9.399999999999999,0.7
EXPD,1984,1984-12-31,42,141.2,0.01,2.2,9,,2.1,2.1,1984-12-31,2.5,0.4,,51,4.2,6.799999999999997,0.3
EXPD,1983,1983-12-31,0.4,137.7,0.01,0.4,3,,1,1,1983-12-31,1.1,0.2,,3.5,1.9,2.7,0.8
EXR,2019,2019-12-31,340.32,136.43377,3.2267,634.958,968.134,-172.527,419.967,451.123,2019-12-31,462.431,11.308,,1308.454,114.524,333.176,
EXR,2018,2018-12-31,301.249,133.15903,2.88665,588.896,895.355,-163.379,415.289,447.08,2018-12-31,456.324,9.244,,1196.604,97.409,306.45899999999995,
EXR,2017,2017-12-31,276.737,134.15577,2.87931,541.605,828.272,-136.547,479.013,505.616,2017-12-31,517.847,12.231,,1105.009,93.371,286.667,
EXR,2016,2016-12-31,252.693,125.94808,2.93481,449.838,739.182,-45.367,366.127,397.089,2016-12-31,412.936,15.847,,991.875,94.673,289.34400000000005,
EXR,2015,2015-12-31,216.998,126.91887,2.07254,294.656,565.272,-75.473,189.474,209.536,2015-12-31,220.684,11.148,,782.27,67.758,270.616,
EXR,2014,2014-12-31,182.843,121.43527,1.7036,278.468,464.312,-62.993,178.355,195.896,2014-12-31,203.466,7.57,,647.155,60.942,185.84400000000002,
EXR,2013,2013-12-31,149,113.1,1.68,204.3,371.6,-9.8,172.1,185.6,2013-12-31,195.5,10,,520.6,54.2,167.3,
EXR,2012,2012-12-31,121.9,106.5,1.19,157.2,287.5,-24.1,117.3,127.7,2012-12-31,133.1,5.4,,409.4,50.5,130.29999999999998,
EXR,2011,2011-12-31,101.6,96.7,0.6,115.5,228.2,-55.9,50.4,58.4,2011-12-31,59.6,1.2,,329.8,49.7,112.80000000000001,
EXR,2010,2010-12-31,92.7,92.1,0.31,90.8,188.8,-53.3,26.3,33.4,2010-12-31,37.5,4.2,,281.5,44.4,97.99999999999999,
EXR,2009,2009-12-31,94.4,91.1,0.31,99.8,185.8,-56.4,32,39.1,2009-12-31,43.4,4.3,,280.1,40.6,86.29999999999998,
EXR,2008,2008-12-31,89.6,81.9,0.53,99.9,183.1,-50.8,46.9,49.1,2008-12-31,49.1,0,,272.7,40.4,83.70000000000002,
EXR,2007,2007-12-31,77.8,70.5,0.55,82.6,160.5,-44.2,36.1,38.3,2007-12-31,38.3,0,,238.3,36.7,78.50000000000001,
EXR,2006,2006-12-31,64.6,59.3,0.27,59.7,131.9,-43.8,14.9,15.9,2006-12-31,15.9,0,,196.5,35.6,73,
EXR,2005,2005-12-31,47,35.5,-0.13,32.4,87.2,-37.8,-5,-5.4,2005-12-31,-5.4,0,,134.2,24.1,55.400000000000006,
EXR,2004,2004-12-31,26.1,15.3,-1.52,7.6,39.4,-27.1,-18.5,-17.7,2004-12-31,-17.7,0,,65.5,12.5,32.199999999999996,
EXR,2003,2003-12-31,14.9,28.3,-0.48,1.4,20.8,-17.3,-17.9,-15.2,2003-12-31,-15.2,0,,35.6,8.3,20,
EXR,2002,2002-12-31,11.6,28.3,-0.27,7.2,20.1,-12.9,-9.5,-5.7,2002-12-31,-5.7,0,,31.8,5.9,13.500000000000002,
EXR,2001,2001-12-31,8.2,28.3,-0.26,2.8,14.2,-11.4,-4.9,-3.9,2001-12-31,-3.9,0,,22.4,6.8,12,
XOM,2019,2019-12-31,180627,4270,2.58605,11531,74956,4611,14340,14034,2019-12-31,20056,6022,1269,255583,41923,63425,3914
XOM,2018,2018-12-31,192854,4270,4.881,20839,86478,6589,20840,21130,2018-12-31,30953,9823,1466,279332,44143,65639,3525
XOM,2017,2017-12-31,162345,4256,3.23496,12074,74817,4779,19710,13906,2017-12-31,18674,4768,1790,237162,41060,62743,1821
XOM,2016,2016-12-31,136098,4177,1.87695,936,64530,4353,7840,8375,2016-12-31,7969,-406,1467,200628,39819,63594,2680
XOM,2015,2015-12-31,165590,4196,3.8489,12883,74264,7333,16150,16551,2015-12-31,21966,5415,1523,239854,41810,61381,1750
XOM,2014,2014-12-31,296173,4282,7.59,34082,97932,13037,32520,33615,2014-12-31,51630,18015,1669,394105,44884,63850,4511
XOM,2013,2013-12-31,315270,4419,7.37,40301,105566,13918,32580,33448,2013-12-31,57711,24263,1976,420836,46107,65265,3492
XOM,2012,2012-12-31,336079,4628,8.85,56381,117044,14683,44880,47681,2012-12-31,78726,31045,1840,453123,49435,60663,7662
XOM,2011,2011-12-31,340305,4875,8.42,54104,126724,15042,41060,42206,2011-12-31,73257,31051,2081,467029,54956,72620,4111
XOM,2010,2010-12-31,262298,4897,6.22,40122,107827,10418,30460,31398,2010-12-31,52959,21561,2144,370125,50801,67705,2419
XOM,2009,2009-12-31,211769,4848,3.99,26239,89731,6595,19280,19658,2009-12-31,34777,15119,2021,301500,49554,63492,1943
XOM,2008,2008-12-31,321867,5203,8.69,64643,137712,10408,45220,45220,2008-12-31,81750,36530,1451,459579,57592,73069,6699
XOM,2007,2007-12-31,263111,5577,7.28,56650,127217,8501,40610,40610,2007-12-31,70474,29864,1469,390328,55843,70567,5323
XOM,2006,2006-12-31,242455,5970,6.62,55888,123012,6331,39500,39500,2006-12-31,67402,27902,1181,365467,53476,67124,5183
XOM,2005,2005-12-31,242780,6322,5.71,48203,116175,7087,36130,36130,2005-12-31,59432,23302,964,358955,55956,67972,4142
XOM,2004,2004-12-31,189712,6519,3.89,35096,101540,4323,25330,25330,2004-12-31,41241,15911,1098,291252,54803,66444,1822
XOM,2003,2003-12-31,152773,6662,3.15,22489,84281,4166,21510,20960,2003-12-31,31966,11006,1010,237054,51041,61792,5311
XOM,2002,2002-12-31,130821,6803,1.66,14351,70128,1668,11460,11011,2002-12-31,17510,6499,920,200949,45928,55777,1491
XOM,2001,2001-12-31,132363,6941,2.24,20341,77054,3778,15320,15105,2001-12-31,24119,9014,1175,209417,46277,56713,
XOM,2000,2000-12-31,149442,7033,2.39,23361,78997,3720,17720,15990,2000-12-31,27081,11091,936,228439,44752,55636,
XOM,1999,1999-12-31,115463,7036,1.19,8847,67066,2303,7910,7910,1999-12-31,11150,3240,1246,182529,47899,58219,
XOM,1998,1998-12-31,71280,4936,1.3,6801,44137,2255,6370,6440,1998-12-31,9056,2616,863,115417,30948,37336,
XOM,1997,1997-12-31,85879,5952,1.42,11113,49263,1685,8460,8460,1997-12-31,12798,4338,753,135142,31517,38150,
XOM,1996,1996-12-31,84476,5024,1.49,9674,47067,2242,7510,7510,1996-12-31,11916,4406,763,131543,30917,37393,
XOM,1995,1995-12-31,75570,4959,1.3,8897,46234,1545,6470,6470,1995-12-31,10442,3972,693,121804,30957,37337,
XOM,1994,1994-12-31,71003,4965,1.02,6801,41125,1003,5100,5100,1994-12-31,7804,2704,666,112128,28410,34324,
XOM,1993,1993-12-31,69942,4968,1.05,7054,39590,998,5280,5280,1993-12-31,8052,2772,648,109532,26754,32536,
XOM,1992,1992-12-31,73991,4970,0.96,6637,41681,650,4770,4810,1992-12-31,7287,2477,808,115672,28945,35044,
XOM,1991,1991-12-31,72555,4972,1.11,7904,42513,614,5600,5600,1991-12-31,8518,2918,914,115068,28704,34609,
XOM,1990,1990-12-31,73016,5061,0.98,8334,42778,-154,5010,5010,1990-12-31,8180,3170,957,115794,27670,34444,
XOM,1989,1989-12-31,58320,4293,0.69,5156,36853,-153,3510,2975,1989-12-31,5003,2028,872,95173,25560,31697,
XOM,1988,1988-12-31,51221,5327,0.99,8017,36031,367,5260,5260,1988-12-31,8384,3124,979,87252,21975,28014,
XOM,1987,1987-12-31,49313,5644,0.86,6742,32770,801,4840,4840,1987-12-31,7543,2703,818,82083,20705,26028,
XOM,1986,1986-12-31,43184,5779,0.93,7602,31803,954,5360,5360,1986-12-31,8556,3196,1231,74987,18306,24201,
XOM,1985,1985-12-31,59185,6033,0.8,8936,32435,592,4840,4840,1985-12-31,9528,4688,1495,91620,17491,23499,
XOM,1984,1984-12-31,63884,6529,0.84,9572,31989,1015,5517,5517,1984-12-31,10587,5070,1365,95873,16779,22417,
XOM,1983,1983-12-31,62045,6890,0.72,9211,31402,538,4978,4978,1983-12-31,9749,4771,1408,93447,17097,22191,
FFIV,2020,2020-09-30,407.887,61.378,7.86122,392.267,1942.935,,307.441,307.441,2020-09-30,396.397,88.956,433.229,2350.822,1028.192,1550.6680000000001,4.13
FFIV,2019,2019-09-30,356.577,60.456,7.26472,518.463,1885.87,33.8,427.734,427.734,2019-09-30,541.111,113.377,408.058,2242.447,953.049,1367.407,-11.152
FFIV,2018,2018-09-30,361.481,62.013,7.88828,590.899,1799.926,17.0075,453.689,474.689,2018-09-30,603.76,129.071,366.084,2161.407,824.517,1209.027,-4.1465
FFIV,2017,2017-09-30,353.485,64.775,6.64369,563.956,1736.556,15.5,420.761,420.761,2017-09-30,575.517,154.756,350.365,2090.041,809.126,1172.6,-3.939
FFIV,2016,2016-09-30,337.205,67.984,5.47006,547.377,1657.829,-0.6,365.855,365.855,2016-09-30,549.891,184.036,334.227,1995.034,767.174,1110.452,3.114
FFIV,2015,2015-09-30,332.261,72.547,5.03141,552.899,1587.562,9.4,365.014,365.014,2015-09-30,561.344,196.33,296.583,1919.823,738.08,1034.663,-0.955
FFIV,2014,2014-09-30,310,76.1,4.09,493.6,1422.1,4,311.2,311.2,2014-09-30,497.3,186.2,263.8,1732,664.7,928.5,-0.2
FFIV,2013,2013-09-30,253,79.1,3.52,430.8,1228.3,7.7,277.3,277.3,2013-09-30,438.1,160.8,209.6,1481.3,585.4,797.5,-0.4
FFIV,2012,2012-09-30,236.2,79.8,3.46,426.3,1141.1,,275.2,275.2,2012-09-30,432.2,157,177.4,1377.2,536.3,714.7,5.9
FFIV,2011,2011-09-30,208,81.5,2.96,350.7,943.8,,241.4,241.4,2011-09-30,360.8,119.4,138.9,1151.8,454.3,593.2,10.1
FFIV,2010,2010-09-30,172,81,1.88,230,710,,151.2,151.2,2010-09-30,237.6,86.5,118.3,882,361.7,480,7.6
FFIV,2009,2009-09-30,142.7,80.1,1.18,121.9,510.4,,91.5,91.5,2009-09-30,131.6,40.1,103.7,653.1,280.4,388.50000000000006,9.7
FFIV,2008,2008-09-30,149,83.4,0.93,99.3,501.2,,74.3,74.3,2008-09-30,118.3,43.9,103.4,650.2,293.2,401.9,19
FFIV,2007,2007-09-30,118.3,85.1,1.07,99.5,407.3,,77,77,2007-09-30,127.7,50.7,69,525.7,224.8,307.9,28.2
FFIV,2006,2006-09-30,88.2,83,0.8,90.1,305.9,,66,66,2006-09-30,107.6,41.6,49.2,394,166.6,215.7,17.4
FFIV,2005,2005-09-30,65.2,77.5,0.61,69.4,216.2,,46.9,46.9,2005-09-30,77.4,30.5,31.5,281.4,115.4,146.89999999999998,8.1
FFIV,2004,2004-09-30,39.4,72,0.46,26.3,131.8,,33,33,2004-09-30,29.1,-3.9,24.4,171.2,81.1,105.5,2.7
FFIV,2003,2003-09-30,26.9,56.4,0.07,4.2,89,,4.1,4.1,2003-09-30,4.9,0.9,19.2,115.9,65.6,84.80000000000001,0.8
FFIV,2002,2002-09-30,30.5,50.6,-0.13,-9.5,77.8,,-8.6,-8.6,2002-09-30,-8.1,0.5,18,108.3,66.1,87.3,1.4
FFIV,2001,2001-09-30,45.5,45.3,-0.67,-28.7,61.9,,-30.8,-30.8,2001-09-30,-26.7,4.1,17.4,107.4,72.2,90.6,2
FFIV,2000,2000-09-30,32.6,46.1,0.3,12.9,76.1,,13.7,13.7,2000-09-30,15.8,2.1,14.5,108.6,48.7,63.199999999999996,2.9
FFIV,1999,1999-09-30,7.2,20.5,-0.21,-4.9,20.6,0.5,-4.3,-4.3,1999-09-30,-4.3,0,5.6,27.8,19.9,25.500000000000004,
FFIV,1998,1998-09-30,1.4,12.2,-0.3,-3.7,3.5,0,-3.7,-3.7,1998-09-30,-3.7,0,1.8,4.9,5.3,7.199999999999999,
FFIV,1997,1997-09-30,0.1,12,-0.12,-1.4,0.2,0,-1.5,-1.5,1997-09-30,-1.5,0,0.6,0.2,1,1.5999999999999999,
FFIV,1996,1996-09-30,0,11.9,-0.03,-0.3,0,0,-0.3,-0.3,1996-09-30,-0.3,0,0.1,0,0.2,0.4,
FB,2019,2019-12-31,12770,2876,7.72254,23986,57927,799,18485,18485,2019-12-31,24812,6327,13600,70697,15341,33941,27
FB,2018,2018-12-31,9355,2921,7.57001,24913,46483,439,22112,22112,2018-12-31,25361,3249,10273,55838,11297,21570,9
FB,2017,2017-12-31,5454,2956,6.15934,20203,35199,386,15934,18207,2017-12-31,20594,2387,7754,40653,7242,14996,5
FB,2016,2016-12-31,3789,2925,3.49299,12427,23849,90,10217,10217,2016-12-31,12518,2301,5919,27638,5503,11422,1
FB,2015,2015-12-31,2867,2853,1.29267,6225,15061,-37,3688,3688,2015-12-31,6194,2506,4816,17928,4020,8836,6
FB,2014,2014-12-31,2153,2664,1.1,4994,10313,-83,2940,2940,2014-12-31,4910,1970,2666,12466,2653,5319,-1
FB,2013,2013-12-31,1875,2517,0.6,2804,5997,-51,1500,1500,2013-12-31,2754,1254,1415,7872,1778,3193,1
FB,2012,2012-12-31,1364,2166,0.01,538,3725,-60,53,53,2012-12-31,494,441,1399,5089,1788,3187,16
FB,2011,2011-12-31,860,2138,0.31,1756,2851,-71,1000,1000,2011-12-31,1695,695,388,3711,707,1095,10
FB,2010,2010-12-31,493,2138,0.17,1032,1481,-23,606,606,2010-12-31,1008,402,144,1974,305,449,-1
FB,2009,2009-12-31,223,2138,0.06,262,554,-10,229,229,2009-12-31,254,25,87,777,205,292,2
FB,2008,2008-12-31,124,2138,-0.03,-55,148,,-56,-56,2008-12-31,-56,0,47,272,156,203,-1
FB,2007,2007-12-31,41,2138,-0.06,-124,112,,-138,-138,2007-12-31,-135,3,81,153,155,236,-11
FAST,2019,2019-12-31,2818.3,574.44163,1.37523,1057.2,2515.4,-13.5,790.9,790.9,2019-12-31,1043.7,252.8,,5333.7,1459.4,1458.1999999999998,
FAST,2018,2018-12-31,2566.2,574.32553,1.2906,999.2,2398.9,-12.2,751.9,741.6,2018-12-31,987,245.4,,4965.1,1400.2,1399.7000000000003,
FAST,2017,2017-12-31,2226.9,576.68547,0.96008,881.8,2163.6,-8.7,578.6,554.3,2017-12-31,873.1,318.8,,4390.5,1282.8,1281.7999999999997,
FAST,2016,2016-12-31,1997.259,578.31505,0.8631,795.839,1964.777,-6.11,499.478,499.478,2016-12-31,789.729,290.251,,3962.036,1169.47,1168.938,
FAST,2015,2015-12-31,1920.253,584.09088,0.88253,828.755,1948.934,-2.735,516.361,516.361,2015-12-31,826.02,309.659,,3869.187,1121.59,1120.1789999999999,
FAST,2014,2014-12-31,1836.1,594.6,0.83,787.6,1897.4,-0.2,494.2,494.2,2014-12-31,787.4,293.3,,3733.5,1110.8,1109.8000000000002,
FAST,2013,2013-12-31,1606.7,595.4,0.75,712.7,1719.4,0.8,448.6,448.6,2013-12-31,713.5,264.8,,3326.1,1007.4,1006.7,
FAST,2012,2012-12-31,1519.1,594.3,0.71,673.7,1614.5,0.5,420.5,420.5,2012-12-31,674.2,253.6,,3133.6,941.2,940.8000000000002,
FAST,2011,2011-12-31,1332.7,591.7,0.61,574.6,1434.2,0.5,357.9,357.9,2011-12-31,575.1,217.2,,2766.9,859.4,859.6000000000001,
FAST,2010,2010-12-31,1094.6,589.7,0.45,429.7,1174.8,1,265.4,265.4,2010-12-31,430.6,165.3,,2269.5,745.1,745.2,
FAST,2009,2009-12-31,946.9,593.4,0.31,295.8,983.4,1.7,184.4,184.4,2009-12-31,297.5,113.1,,1930.3,686.8,687.6,
FAST,2008,2008-12-31,1104.3,595.3,0.47,450.2,1236.1,0.9,279.7,279.7,2008-12-31,451.2,171.5,,2340.4,785.7,785.9000000000001,
FAST,2007,2007-12-31,1014.2,602.2,0.39,376.4,1047.6,1.5,232.6,232.6,2007-12-31,377.9,145.3,,2061.8,671.2,671.2,
FAST,2006,2006-12-31,901.7,604.7,0.33,319.8,907.7,1.2,199,199,2006-12-31,321,122,,1809.3,587.6,587.8,
FAST,2005,2005-12-31,765.2,606,0.28,267.9,758.1,1.2,166.8,166.8,2005-12-31,269.1,102.2,,1523.3,489.8,490.29999999999995,
FAST,2004,2004-12-31,614.2,607.9,0.22,207.2,624.3,1.2,131,131,2004-12-31,208.3,77.3,,1238.5,416.5,417.0999999999999,
FAST,2003,2003-12-31,505.9,607.1,0.14,135.1,489.1,1.2,84.1,84.1,2003-12-31,136.3,52.2,,994.9,353.6,353.9,
FAST,2002,2002-12-31,457,607,0.12,119.2,448.5,2,75.5,74.8,2002-12-31,121.2,46.4,,905.4,334.9,329.20000000000005,
FAST,2001,2001-12-31,405.9,607,0.12,111.4,412.4,2.2,70.1,70.1,2001-12-31,113.6,43.5,,818.3,300.7,301,
FAST,2000,2000-12-31,357.2,607,0.13,129.4,388.6,2,80.7,80.7,2000-12-31,131.4,50.7,,745.7,259,259.09999999999997,
FAST,1999,1999-12-31,289.9,607,0.11,105.9,319.3,0.6,65.5,65.5,1999-12-31,106.5,41,,609.2,213.6,213.40000000000003,
FAST,1998,1998-12-31,238.8,607,0.09,87.2,264.3,-1,53,53,1998-12-31,86.1,33.2,,503.1,177.2,177.09999999999997,
FAST,1997,1997-12-31,189.1,607,0.07,68.2,208.9,-0.9,40.8,40.8,1997-12-31,67.3,26.5,,398,141.7,140.70000000000002,
FAST,1996,1996-12-31,134.8,607,0.05,54.4,152.9,0,32.5,32.5,1996-12-31,54.4,21.9,,287.7,99.5,98.5,
FAST,1995,1995-12-31,103.6,607,0.04,46.1,118.9,0.1,27.4,27.4,1995-12-31,46.2,18.8,,222.6,73.4,72.9,
FAST,1994,1994-12-31,76,607,0.03,31,85.9,,18.7,18.7,1994-12-31,31.4,12.7,,161.9,55,54.900000000000006,0.4
FAST,1993,1993-12-31,51.8,607,0.02,19.9,58.6,,11.9,11.9,1993-12-31,20.1,8.2,,110.3,38.7,38.7,0.2
FAST,1992,1992-12-31,37.6,607,0.01,14.4,43.7,,8.8,8.8,1992-12-31,14.7,5.9,,81.3,29.3,29.199999999999996,0.3
FAST,1991,1991-12-31,29.4,607,0.01,10.2,32.9,-0.1,6.6,6.6,1991-12-31,10.7,4.1,,62.3,22.7,22.700000000000003,0.6
FAST,1990,1990-12-31,24,607,0.01,9.8,28.3,-0.1,6.3,6.3,1990-12-31,10.3,4,,52.3,18.5,18.4,0.6
FAST,1989,1989-12-31,19.4,607,0.01,6.7,21.8,-0.1,4.3,4.3,1989-12-31,7,2.7,,41.2,15.1,15.100000000000001,0.4
FAST,1988,1988-12-31,14.4,607,0.01,4.9,16,-0.1,3.2,3.2,1988-12-31,5.1,2,,30.4,11.1,11.1,0.3
FAST,1987,1987-12-31,9.4,536.4,0,3.1,10.9,-0.1,1.7,1.7,1987-12-31,3.1,1.4,,20.3,7.7,7.799999999999999,0.1
FAST,1986,1986-12-31,7.1,495.9,0,2.3,8,-0.1,1.1,1.1,1986-12-31,2.3,1.2,,15,5.6,5.6,0
FAST,1985,1985-12-31,5.7,495.9,0,1.7,5.8,-0.1,0.8,0.8,1985-12-31,1.6,0.8,,11.6,4.1,4.2,0
FRT,2019,2019-12-31,298.758,74.766,3.05519,470.911,637.03,-110.369,353.866,360.542,2019-12-31,360.542,,,935.788,42.754,166.11900000000003,
FRT,2018,2018-12-31,287.87,73.302,3.0152,349.721,627.566,-112.61,241.907,237.111,2018-12-31,237.111,,,915.436,33.6,277.845,
FRT,2017,2017-12-31,272.729,72.233,3.06169,320.015,584.619,-100.067,289.914,219.948,2017-12-31,219.948,,,857.348,36.281,264.604,
FRT,2016,2016-12-31,253.612,71.049,3.06175,320.995,547.979,-94.57,249.91,226.425,2016-12-31,226.425,,,801.591,33.399,226.984,
FRT,2015,2015-12-31,233.417,68.981,2.89388,281.082,510.595,-90.988,210.219,190.094,2015-12-31,190.094,,,744.012,35.645,229.513,
FRT,2014,2014-12-31,211.9,67.5,2.51,260.5,474.2,-92.6,164.5,167.9,2014-12-31,167.9,0,,686.1,32.3,213.70000000000002,
FRT,2013,2013-12-31,190.5,65.5,2.21,240.9,447,-103,162.7,137.8,2013-12-31,137.8,0,,637.4,32,206.10000000000002,
FRT,2012,2012-12-31,179.6,64.1,2.16,255.3,428.5,-110.9,151.9,144.4,2012-12-31,144.4,0,,608,31.2,173.20000000000002,
FRT,2011,2011-12-31,170.2,62.6,1.99,228,382.9,-96.4,143.9,131.6,2011-12-31,131.6,0,,553.1,29,154.90000000000003,
FRT,2010,2010-12-31,170.1,61.3,2.02,227.7,374.5,-100.6,122.8,127.1,2010-12-31,127.1,0,,544.7,24.2,146.9,
FRT,2009,2009-12-31,167,59.8,1.92,207.9,364,-105.6,98.3,102.4,2009-12-31,102.4,0,,531,22,156.10000000000002,
FRT,2008,2008-12-31,165.4,58.9,1.95,217.3,355.1,-96.6,129.8,120.7,2008-12-31,120.7,0,,520.5,26.7,137.79999999999998,
FRT,2007,2007-12-31,147.6,56.5,1.7,211,338.3,-114.6,195.5,96.4,2007-12-31,96.4,0,,485.9,25.6,127.29999999999998,
FRT,2006,2006-12-31,133,54,1.48,199,318,-104,118.7,95.1,2006-12-31,95.1,0,,451,21.3,119,
FRT,2005,2005-12-31,124.7,53.1,1.39,176.3,285.7,-91.1,114.6,116,2005-12-31,116,0,,410.3,19.9,109.3,
FRT,2004,2004-12-31,129.9,51.5,1.12,156.5,264.4,-87.5,84.2,69,2004-12-31,69,0,,394.3,18.2,107.9,
FRT,2003,2003-12-31,118,48.6,1.15,77.7,239.8,-4.7,94.5,73,2003-12-31,73,0,,357.9,11.8,162.2,
FRT,2002,2002-12-31,104.8,42.9,1.12,48.7,214.1,-4.1,55.3,44.6,2002-12-31,44.6,0,,318.8,13.8,165.3,
FRT,2001,2001-12-31,92.3,40.3,1.29,64.7,208.2,-5.2,68.8,68.8,2001-12-31,68.8,0,,300.5,14.3,143.5,
FRT,2000,2000-12-31,82.9,39.9,1.26,63.4,196.4,-6.5,60.5,60.5,2000-12-31,60.5,0,,279.3,13.3,133,
FRT,1999,1999-12-31,78.7,40.6,1.19,59.4,186,-3.9,48.4,48.4,1999-12-31,48.4,0,,264.7,15.1,126.60000000000001,
FRT,1998,1998-12-31,72.8,40.1,1.05,48.1,165.7,-3.1,45,45,1998-12-31,45,0,,238.5,11.8,117.60000000000001,
FRT,1997,1997-12-31,62.4,39,1.03,41.5,141.9,-1.3,46.5,46.5,1997-12-31,46.5,0,,204.3,9.8,100.4,
FRT,1996,1996-12-31,57.1,33.6,0.86,29.1,122,-0.4,28.7,28.7,1996-12-31,28.7,0,,179.1,9.1,92.80000000000001,
FRT,1995,1995-12-31,49.6,31.9,0.74,23.4,104.8,0.3,23.1,23.1,1995-12-31,23.1,0,,154.4,7.3,81.4,
FRT,1994,1994-12-31,47.9,30.7,0.7,52.3,89.8,-31.9,20.5,20.5,1994-12-31,20.5,0,,137.8,6.7,37.50000000000001,
FRT,1993,1993-12-31,36.8,27,0.6,48.4,78.5,-32.3,18.1,16.1,1993-12-31,16.1,0,,115.3,4.7,30.10000000000001,
FRT,1992,1992-12-31,29.8,22.8,0.34,42.6,70.4,-35.6,9.4,9.5,1992-12-31,9.5,0,,100.2,4.1,27.8,
FRT,1991,1991-12-31,29.3,17.3,0.25,43.1,68.4,-38.8,4.8,4.4,1991-12-31,4.4,0,,97.7,3.4,25.2,
FRT,1990,1990-12-31,26.8,16.7,0.38,40.1,64.2,-35.2,5.8,5.8,1990-12-31,5.8,0,,90.9,3.6,23.999999999999996,
FRT,1989,1989-12-31,24.8,14.7,0.33,38.3,58,-33.5,12,12,1989-12-31,12,0,,82.9,3.6,19.8,
FRT,1988,1988-12-31,19.3,13.7,0.49,31.7,48.8,-26.3,9.3,9.3,1988-12-31,9.3,0,,68.1,3.6,17.099999999999998,
FRT,1987,1987-12-31,16.3,13,0.5,29.9,44.2,-23.9,6,6,1987-12-31,6,0,,60.4,4.2,14.2,
FRT,1986,1986-12-31,13.1,11.8,0.64,22.2,31.7,-14.6,14.9,14.9,1986-12-31,14.9,0,,44.8,2.8,9.500000000000002,
FRT,1985,1985-12-31,8.8,11.4,0.84,16.9,25.4,-8.4,9.9,9.9,1985-12-31,9.9,0,,34.2,2.5,8.599999999999998,
FRT,1984,1984-12-31,7.6,10,0.81,12.7,19.6,-5.5,10.3,10.3,1984-12-31,10.3,0,,27.3,1.9,6.9,
FRT,1983,1983-12-31,5.8,8.8,0.66,9.9,15.4,-4.5,8,8,1983-12-31,8,0,,21.1,2,5.500000000000001,
FDX,2020,2020-05-31,20622,262,7.53817,2417,48595,-617,1286,1286,2020-05-31,1669,383,,69217,32063,46178,-131
FDX,2019,2019-05-31,20543,265,4.62642,4466,49150,-529,540,465,2019-05-31,655,190,,69693,31438,44684,-3282
FDX,2018,2018-05-31,18475,272,14.33088,4272,46975,-510,4572,2953,2018-05-31,4353,1400,,65450,30220,42703,591
FDX,2017,2017-05-31,16403,270,12.52222,4566,43916,-479,2997,2997,2017-05-31,4579,1582,,60319,28061,39350,492
FDX,2016,2016-05-31,12365,279,7.78508,3077,38000,-315,1820,1820,2016-05-31,2740,920,,50365,23960,34923,-22
FDX,2015,2015-05-31,12203,287,4.27219,1867,35250,-221,1050,1050,2015-05-31,1627,577,,47453,22294,33383,-19
FDX,2014,2014-05-31,12568,310,6.75,3446,32999,-142,2097,2097,2014-05-31,3289,1192,,45567,21446,29553,-15
FDX,2013,2013-05-31,12018,317,6.25,2551,32269,-61,1561,1561,2013-05-31,2455,894,,44287,21000,29718,-35
FDX,2012,2012-05-31,11291,317,6.68,3186,31389,-39,2032,2032,2012-05-31,3141,1109,,42680,20566,28203,-6
FDX,2011,2011-05-31,9825,317,4.76,2378,29479,-77,1452,1452,2011-05-31,2265,813,,39304,19717,27101,-36
FDX,2010,2010-05-31,7834,314,3.81,1998,26900,-71,1184,1184,2010-05-31,1894,710,,34734,18101,24902,-33
FDX,2009,2009-05-31,8345,312,2.82,747,27152,-59,98,98,2009-05-31,677,579,,35497,18094,26405,-11
FDX,2008,2008-05-31,9043,312,5.18,2075,28910,-54,1125,1125,2008-05-31,2016,891,,37953,18711,26835,-5
FDX,2007,2007-05-31,7406,311,6.48,3276,27808,-53,2016,2016,2007-05-31,3215,1199,,35214,18035,24532,-8
FDX,2006,2006-05-31,6507,310,5.83,3014,25787,-104,1806,1806,2006-05-31,2899,1093,,32294,16738,22773,-11
FDX,2005,2005-05-31,5252,307,4.72,2471,24111,-139,1449,1449,2005-05-31,2313,864,,29363,15957,21640,-19
FDX,2004,2004-05-31,3888,304,3.67,1440,20822,-116,838,838,2004-05-31,1319,481,,24710,14169,19382,-5
FDX,2003,2003-05-31,3504,303,2.74,1471,18983,-118,830,830,2003-05-31,1338,508,,22487,12979,17512,-15
FDX,2002,2002-05-31,2925,303,2.15,1321,17682,-139,710,725,2002-05-31,1160,435,,20607,12119,16361,-22
FDX,2001,2001-05-31,2856,293,1.99,1071,16773,-144,584,584,2001-05-31,928,343,,19629,11084,15702,1
FDX,2000,2000-05-31,2593,296,2.32,1221,15664,-106,688,688,2000-05-31,1138,449,,18257,10238,14443,23
FDX,1999,1999-05-31,2143,301,2.1,1163,14631,-98,631,631,1999-05-31,1061,430,,16773,9443,13467,-4
FDX,1998,1998-05-31,2208,298,1.8,1011,13664,-124,503,498,1998-05-31,900,401,,15873,8817,12654,13
FDX,1997,1997-05-31,2014,294,0.95,441,12242,-111,151,151,1997-05-31,360,209,,14256,8061,11801,30
FDX,1996,1996-05-31,6158,114,2.69,624,4116,-96,308,308,1996-05-31,540,232,,10274,618,3492,12
FDX,1995,1995-05-31,5746,113,2.63,591,3646,-115,298,298,1995-05-31,522,224,,9392,544,3055,46
FDX,1994,1994-05-31,5281,112,1.82,531,3199,-142,204,204,1994-05-31,378,174,,8479,465,2668,-10
FDX,1993,1993-05-31,4961,109,0.43,377,2847,0,110,110,1993-05-31,204,94,,7808,405,2470,-174
FDX,1992,1992-05-31,4818,108,0.48,23,2732,0,-114,-114,1992-05-31,-147,-33,,7550,404,2709,-170
FDX,1991,1991-05-31,4752,107,0.79,252,2937,0,6,6,1991-05-31,41,35,,7688,449,2684,-211
FDX,1990,1990-05-31,4225,106,1.09,387,2791,0,116,116,1990-05-31,218,103,,7015,425,2403,-169
FDX,1989,1989-05-31,3046,105,1.77,424,2121,0,166,166,1989-05-31,298,132,,5167,279,1697,-126
FDX,1988,1988-05-31,2309,105,1.78,379,1574,0,188,188,1988-05-31,302,115,,3883,188,1194,-77
FDX,1987,1987-05-31,1845,104,1.61,365,1333,0,-66,167,1987-05-31,312,145,,3178,150,969,-53
FDX,1986,1986-05-31,1452,100,1.93,344,1121,0,132,193,1986-05-31,305,112,,2573,120,777,-39
FDX,1985,1985-05-31,1132,94,1.47,259,883,0,76,139,1985-05-31,212,74,,2016,87,625,-46
FDX,1984,1984-05-31,804,91,1.26,165,633,0,115,115,1984-05-31,152,37,,1436,59,467,-13
FDX,1983,1983-05-31,549,87,1.02,151,459,0,89,89,1983-05-31,150,61,,1008,44,308,-1
FIS,2019,2019-12-31,6610,451,1.98997,969,3723,-337,298,313,2019-12-31,413,100,,10333,2667,2754,-219
FIS,2018,2018-12-31,5569,332,2.78043,1458,2854,-297,846,896,2018-12-31,1104,208,,8423,1301,1396,-57
FIS,2017,2017-12-31,5794,336,1.49107,1432,2874,-337,1261,537,2017-12-31,976,439,,8668,1442,1442,-119
FIS,2016,2016-12-31,5895,330,1.58788,1229,2936,-383,525,546,2016-12-31,837,291,,8831,1707,1707,-9
FIS,2015,2015-12-31,4395,289,2.21107,1099,2201,-183,632,658,2015-12-31,1037,379,,6596,1102,1102,121
FIS,2014,2014-12-31,4327,289,2.38754,1271,2086,-158,679,718,2014-12-31,1053,335,,6413,815,815,-60
FIS,2013,2013-12-31,4085.6,294.2,1.67,1064.4,1985.1,-188.2,493.1,515.8,2013-12-31,825,309.2,,6070.7,920.7,920.7000000000003,-51.2
FIS,2012,2012-12-31,3946.9,297.5,1.82,1079.2,1860.7,-222.7,461.2,560.3,2012-12-31,831.2,270.9,,5807.6,781.5,781.4999999999995,-25.3
FIS,2011,2011-12-31,3998,307,1.63,1066.8,1747.7,-258.8,469.6,505.3,2011-12-31,744.3,239,,5745.7,671.8,680.8999999999996,-63.7
FIS,2010,2010-12-31,3637.7,352,1.79,801.1,1631.8,-173.3,404.5,401,2010-12-31,616.3,215.3,,5269.5,675.8,830.6999999999998,-11.5
FIS,2009,2009-12-31,2800.6,239.4,1.23,277.9,968.9,-130.6,105.9,103.9,2009-12-31,156,52.1,,3769.5,554.1,691,8.7
FIS,2008,2008-12-31,2636.9,193.5,0.87,334.9,809.1,-157.2,214.8,121.6,2008-12-31,179.2,57.6,84.8,3446,389.4,474.1999999999998,1.5
FIS,2007,2007-12-31,3401.9,196.5,2.6,745.6,1356.1,50.7,561.2,511.7,2007-12-31,812.2,300.5,106.3,4758,504.1,610.5,15.9
FIS,2006,2006-12-31,2929.6,189.2,1.37,591.9,1203,-188.1,259.1,253.5,2006-12-31,403.6,150.2,105.6,4132.6,505.5,611.0999999999999,-0.2
FIS,2005,2005-12-31,791.6,63.4,1.77,185,325.6,-10.4,130.3,105.6,2005-12-31,174.6,68.9,,1117.1,129.4,140.60000000000002,
FIS,2004,2004-12-31,739.6,64,1.66,179.7,299.9,-12.9,111.8,105.9,2004-12-31,167.9,62.1,,1039.5,120.3,120.29999999999995,1.2
FIS,2003,2003-12-31,732.8,65.9,1.54,154.4,282.7,-8,92.4,93.7,2003-12-31,148.8,55.1,,1015.5,116.1,128.30000000000007,2.3
FIS,2002,2002-12-31,730.4,69,1.41,151.9,277.5,-7.1,90,90,2002-12-31,145.9,56,,1008,113.3,125.60000000000002,1.1
FIS,2001,2001-12-31,601.7,69.1,1.39,151.4,249.4,-7.2,87.1,88,2001-12-31,144.3,56.3,,851.1,98,98,0.1
FIS,2000,2000-12-31,535.8,67.2,1.43,147.2,242.8,-1.3,88.5,89.6,2000-12-31,147.2,57.6,,778.6,95.7,95.60000000000002,1.3
FIS,1999,1999-12-31,466.4,68.7,1.19,127.5,214.8,-0.9,74.6,74.6,1999-12-31,128.9,54.3,,681.2,87.3,87.30000000000007,2.3
FIS,1998,1998-12-31,384.9,70.7,0.92,103.3,181.2,-0.5,61.1,61.9,1998-12-31,102.4,40.5,,566.1,77.9,77.90000000000003,-0.4
FIS,1997,1997-12-31,,72.3,0.63,79.1,,,45.6,45.6,1997-12-31,74.8,29.2,,486.6,,407.5,-4.3
FIS,1996,1996-12-31,,73.4,0.53,64.2,,,38.9,39.1,1996-12-31,63.6,24.5,,384.5,,320.3,-0.6
FITB,2019,2019-12-31,,720,2.98951,,,,2512,2512,2019-12-31,3202,690,,,,,
FITB,2018,2018-12-31,,685.4885,2.34002,,,,2193,2193,2018-12-31,2765,572,,,,,
FITB,2017,2017-12-31,,740.69143,1.56368,,,,2180,1927,2017-12-31,2979,1052,,,,,
FITB,2016,2016-12-31,,764.49535,1.90583,,,,1547,1543,2016-12-31,2208,665,,,,,
FITB,2015,2015-12-31,,807.65867,1.84215,,,,1712,1706,2015-12-31,2365,659,,,,,
FITB,2014,2014-12-31,,842.96736,1.66404,,,,1481,1483,2014-12-31,2028,545,,,,,
FITB,2013,2013-12-31,,894.7,1.84,,,,1836,1826,2013-12-31,2598,772,,,,,
FITB,2012,2012-12-31,,945.6,1.41,,,,1576,1574,2012-12-31,2210,636,,,,,
FITB,2011,2011-12-31,,949.5,1.13,,,,1297,1298,2011-12-31,1831,533,,,,,
FITB,2010,2010-12-31,,799,0.67,,,,753,753,2010-12-31,940,187,,,,,
FITB,2009,2009-12-31,,726.5,-0.79,,,,710,710,2009-12-31,740,30,,,,,
FITB,2008,2008-12-31,,553.1,-2.47,,,,-2037,-2037,2008-12-31,-2588,-551,,,,,
FITB,2007,2007-12-31,,540.1,1.99,,,,1076,1076,2007-12-31,1537,461,,,,,
FITB,2006,2006-12-31,,557.5,2.12,,,,1188,1184,2006-12-31,1627,443,,,,,
FITB,2005,2005-12-31,,558.4,2.77,,,,1549,1549,2005-12-31,2208,659,,,,,
FITB,2004,2004-12-31,,568.2,2.68,,,,1525,1525,2004-12-31,2237,712,,,,,
FITB,2003,2003-12-31,,580,2.97,,,,1754.7,1742.1,2003-12-31,2547.6,805.5,,,,,
FITB,2002,2002-12-31,,592,2.76,,,,1635,1673,2002-12-31,2432,759,,,,,
FITB,2001,2001-12-31,,591.3,2.26,,,,1094,1103,2001-12-31,1653,550,,,,,
FITB,2000,2000-12-31,,579,2.08,,,,1141,1141,2000-12-31,1680,539,,,,,
FITB,1999,1999-12-31,,471.9,1.54,,,,668,668,1999-12-31,1026,358,,,,,
FITB,1998,1998-12-31,,406,1.32,,,,476.1,476.1,1998-12-31,726.3,250.1,,,,,
FITB,1997,1997-12-31,,354.8,1.13,,,,401.2,401.2,1997-12-31,603.9,202.7,,,,,
FITB,1996,1996-12-31,,359.1,0.97,,,,335.1,335.1,1996-12-31,500.3,165.3,,,,,
FITB,1995,1995-12-31,,346.4,0.84,,,,287.7,287.7,1995-12-31,430.6,142.9,,,,,
FRC,2019,2019-12-31,,169.551,5.1976,,,,930.329,930.329,2019-12-31,1133.236,202.907,,,,,
FRC,2018,2018-12-31,,165.612,4.80704,,,,853.828,853.828,2018-12-31,1051.742,197.914,,,,,
FRC,2017,2017-12-31,,162.34,4.55415,,,,757.66,797.36,2017-12-31,912.202,114.842,,,,,
FRC,2016,2016-12-31,,154.095,3.9251,,,,673.428,673.428,2016-12-31,827.596,154.168,,,,,
FRC,2015,2015-12-31,,145.51,3.1834,,,,522.145,522.145,2015-12-31,690.668,168.523,,,,,
FRC,2014,2014-12-31,,140.5,3.07,,,,487,487,2014-12-31,669.9,182.9,,,,,
FRC,2013,2013-12-31,,135.9,3.1,,,,462.1,462.1,2013-12-31,663.6,201.5,,,,,
FRC,2012,2012-12-31,,134.2,2.75,,,,401.2,402.7,2012-12-31,601.3,198.6,,,,,
FRC,2011,2011-12-31,,132.7,2.67,,,,354.4,359,2011-12-31,564.7,205.7,,,,,
FRC,2010,2010-12-31,,126.8,2.17,,,,271.2,276,2010-12-31,469.6,193.6,,,,,
FRC,2009,2009-12-31,,125.9,2.63,,,,346.6,351.5,2009-12-31,605.8,254.3,,,,,
FRC,2008,2008-12-26,,125.9,0.08,,,,10,14.8,2008-12-26,20.5,5.7,,,,,
FRC,2007,2007-12-28,,125.9,0.47,,,,13.7,20.5,2007-12-28,22.8,2.2,,,,,
FE,2019,2019-12-31,2927,542,2.66693,1836,,-962,912,904,2019-12-31,1117,213,,10230,49,6272,243
FE,2018,2018-12-31,3109,494,1.57615,2358,,-1051,1348,1046,2018-12-31,1512,466,,10272,,5794,205
FE,2017,2017-12-31,2926,444,2.24021,2326,,-953,-1724,904,2017-12-31,1426,522,,9992,,5676,53
FE,2016,2016-12-31,3310,426,1.4674,1952,,-918,-6177,551,2016-12-31,1078,527,,9808,,5438,44
FE,2015,2015-12-31,4318,424,2.34936,1930,,-1015,578,578,2015-12-31,893,315,,10636,,8778,-22
FE,2014,2014-12-31,4716,421,1.81,1054,,-883,299,213,2014-12-31,171,-42,,9871,,9279,
FE,2013,2013-12-31,3963,419,2.04,1475,,-905,392,375,2013-12-31,570,195,,9479,,9479,
FE,2012,2012-12-31,4237,419,3.72,2176,,-852,770,771,2012-12-31,1324,553,,9637,,8890,
FE,2011,2011-12-31,4991,401,4.19,1714,,-840,885,869,2011-12-31,1443,574,,10396,,9553,
FE,2010,2010-12-31,4624,305,5.44,1805,,-563,784,760,2010-12-31,1242,482,,9815,0,6910,
FE,2009,2009-12-31,4730,306,3.29,1879,,-644,1006,990,2009-12-31,1235,245,,11139,-136,6358,
FE,2008,2008-12-31,4291,307,4.37,2762,,-643,1342,1342,2008-12-31,2119,777,,12061,-316,6574,
FE,2007,2007-12-31,,310,4.22,2815,,-623,1309,1309,2007-12-31,2192,883,,11305,-524,9987,
FE,2006,2006-12-31,,327,3.93,2606,,-553,1254,1258,2006-12-31,2053,795,,10007,-500,8895,
FE,2005,2005-12-31,,330,2.69,2066,,-439,861,873,2005-12-31,1627,754,,9704,-405,9923,
FE,2004,2004-12-31,,329,2.83,2211,,-667,878,874,2004-12-31,1545,671,,9065,-257,10242,
FE,2003,2003-12-31,587,305,1.3,1640,,-812,423,422,2003-12-31,828,406,,8978,,10080,
FE,2002,2002-12-31,592,294,2.31,2158,,-966,629,629,2002-12-31,1192,563,,9166,,9497,
FE,2001,2001-12-31,820,230,3.08,1685,,-556,646,655,2001-12-31,1129,474,,5729,,5494,
FE,2000,2000-12-31,554,223,2.69,1505,,-529,599,599,2000-12-31,976,377,,5422,,4970,
FE,1999,1999-12-31,1633,227,2.5,1535,,-572,568,568,1999-12-31,963,395,,5454,,3151,
FE,1998,1998-12-31,1479,226,1.95,1364,,-601,411,441,1998-12-31,763,322,,5224,,3018,
FE,1997,1997-12-31,,157,1.94,740,,-309,306,306,1997-12-31,490,184,,2821,,2082,58
FE,1996,1996-12-31,,144,2.1,719,,-252,315,315,1996-12-31,505,189,,2470,,1750,38
FE,1995,1995-12-31,,144,2.05,759,,-264,317,317,1995-12-31,509,192,,2466,,1707,14
FE,1994,1994-12-31,,143,1.97,739,,-270,304,304,1994-12-31,485,182,,2368,,1629,16
FE,1993,1993-12-31,,153,0.01,692,,-272,83,25,1993-12-31,191,167,,2370,,1678,-229
FE,1992,1992-12-31,,153,1.7,701,,-281,277,277,1992-12-31,437,160,,2332,,1632,18
FE,1991,1991-12-31,,153,1.6,717,,-304,265,265,1991-12-31,432,167,,2359,,1642,19
FE,1990,1990-12-31,,153,1.67,676,,-232,282,282,1990-12-31,447,166,,2241,,1565,3
FE,1989,1989-12-31,,153,2.18,685,,-204,361,361,1989-12-31,502,141,,2163,,1478,21
FE,1988,1988-12-31,,152,1.22,669,,-181,219,219,1988-12-31,391,172,,2143,,1473,-97
FE,1987,1987-12-31,,152,2.4,560,,-166,413,413,1987-12-31,575,162,,1780,,1220,182
FE,1986,1986-12-31,,146,2.47,569,,-298,411,411,1986-12-31,588,177,,1742,,1173,316
FE,1985,1985-12-31,,130,2.45,545,,-299,371,371,1985-12-31,535,164,,1755,,1210,289
FE,1984,1984-12-31,,116,2.5,493,,-267,339,339,1984-12-31,489,150,,1637,,1144,264
FE,1983,1983-12-31,,102,2.22,438,,-238,272,272,1983-12-31,408,135,,1516,,1078,208
FISV,2019,2019-12-31,5261,522.6,1.97302,1562,4926,-479,893,885,2019-12-31,1083,198,,10187,3284,3364,
FISV,2018,2018-12-31,3069,413.7,2.51916,1739,2754,-184,1187,1196,2018-12-31,1555,359,,5823,1228,1015,
FISV,2017,2017-12-31,3024,431.2,2.20359,1532,2672,-174,1246,925,2017-12-31,1358,433,,5696,1150,1140,
FISV,2016,2016-12-31,2959,447.8,2.07682,1445,2546,-170,930,783,2016-12-31,1275,492,,5505,1101,1101,
FISV,2015,2015-12-31,2909,476,1.61068,1226,2345,-169,712,680,2015-12-31,1057,377,,5254,1034,1119,
FISV,2014,2014-12-31,2881,505.4,1.49,1210,2185,-163,754,663,2014-12-31,1047,384,,5066,975,975,
FISV,2013,2013-12-31,2776,532.2,1.22,1061,2038,-163,648,570,2013-12-31,898,328,,4814,977,977,
FISV,2012,2012-12-31,2597,550,1.09,1056,1885,-167,611,586,2012-12-31,889,303,,4482,829,829,
FISV,2011,2011-12-31,2542,576.8,0.98,911,1795,-182,472,473,2011-12-31,729,256,,4337,799,884,
FISV,2010,2010-12-31,2386,606.8,0.86,981,1747,-188,496,492,2010-12-31,793,301,,4133,740,766,
FISV,2009,2009-12-31,2380,621.6,0.78,946,1697,-212,476,461,2009-12-31,734,273,,4077,751,751,
FISV,2008,2008-12-31,3016,652.4,0.55,890,1723,-247,569,340,2008-12-31,619,279,,4739,833,833,
FISV,2007,2007-12-31,2637,675.2,0.6,730,1285,-69,439,408,2007-12-31,661,253,,3922,555,555,
FISV,2006,2006-12-31,3210.5,710.1,0.62,744.3,1333.6,-34,449.9,443.2,2006-12-31,710.3,267.1,,4544.2,589.4,589.4000000000001,
FISV,2005,2005-12-31,2798,764,0.67,745.4,1261.5,72.6,516.4,511.4,2005-12-31,818,306.6,,4059.5,516.1,516.0999999999999,
FISV,2004,2004-12-31,1912,789.1,0.5,659.6,1817.8,-18.2,377.6,394.9,2004-12-31,641.4,246.5,,3729.7,439.6,1158.1999999999998,
FISV,2003,2003-12-31,1813.5,783.7,0.4,532,1220.2,-15.6,315,315,2003-12-31,516.4,201.4,,3033.7,,688.1999999999998,
FISV,2002,2002-12-31,1546.8,779.8,0.34,443,1022,-6.7,266.1,266.1,2002-12-31,436.3,170.2,,2568.9,,579.0000000000002,
FISV,2001,2001-12-31,1048.1,766.3,0.27,353.7,842.3,-6.7,208.2,208.2,2001-12-31,347,138.8,,1890.5,,488.70000000000005,
FISV,2000,2000-12-31,907.8,759.2,0.23,314.3,745.8,-14.3,177,177,2000-12-31,300,123,,1653.6,,431.5,
FISV,1999,1999-12-31,788.4,760.1,0.18,253.1,619.2,-19.4,137.9,137.9,1999-12-31,233.7,95.8,,1407.5,,366.1,
FISV,1998,1998-12-31,692.4,762.9,0.15,209.6,541.3,-16,114.3,114.3,1998-12-31,193.7,79.4,,1233.7,,331.6,
FISV,1997,1997-12-31,555.5,722.6,0.13,165.8,419,-11.9,90.8,90.8,1997-12-31,153.9,63.1,,974.4,,253.20000000000005,
FISV,1996,1996-12-31,462.4,623.7,0.1,123.6,335.8,-19.1,61.7,61.7,1996-12-31,104.5,42.9,,798.3,,212.20000000000005,
FISV,1995,1995-12-31,426.6,594.1,0.19,-79.7,276.7,-18.8,-59.9,-59.9,1995-12-31,-98.5,-38.7,,703.4,,356.5,
FISV,1994,1994-12-31,355.9,538,0.07,69.2,207.7,-6.4,37.7,37.7,1994-12-31,62.8,25.1,,563.6,,138.5,
FISV,1993,1993-12-31,289.7,532.6,0.06,53.7,165,-3.7,30.7,30.7,1993-12-31,50,19.3,,454.7,,111.30000000000001,
FISV,1992,1992-12-31,210.7,466.3,0.05,39.2,121.4,-2.2,23,23,1992-12-31,37.1,14.1,,332.1,,82.19999999999999,
FISV,1991,1991-12-31,174,439.8,0.04,31.7,107.3,-3,18.3,18.3,1991-12-31,28.7,10.3,,281.3,,75.69999999999999,
FISV,1990,1990-12-31,115.4,392.7,0.04,23.4,67.7,-1.9,13.8,13.8,1990-12-31,21.5,7.7,,183.2,,44.400000000000006,
FISV,1989,1989-12-31,102.6,386.6,0.03,20.8,61.4,-2.3,11.4,11.4,1989-12-31,18.5,7.1,,164,,40.599999999999994,
FISV,1988,1988-12-31,76.5,376.8,0.02,15.5,48.5,-0.4,9.2,9.2,1988-12-31,15.1,5.9,,125,,33,
FISV,1987,1987-12-31,50,357,0.02,12.2,35.5,0.2,7.2,7.2,1987-12-31,12.4,5.3,,85.5,,23.299999999999997,
FISV,1986,1986-12-31,40.6,294.5,0.02,9.3,29.8,-1.2,5.5,4.8,1986-12-31,8.1,3.3,,70.4,,20.5,
FISV,1985,1985-12-31,18.9,283.4,0,1.7,14,-1.4,0.3,0.1,1985-12-31,0.3,0.2,,32.9,,12.3,
FISV,1984,1984-12-31,14.7,140.7,-0.01,0.7,10.2,-2.5,-1.7,-1.7,1984-12-31,-1.7,0,,24.8,,9.400000000000002,
FLT,2019,2019-12-31,0,90.07,10.03723,1231.43,2648.848,-64.718,895.073,895.073,2019-12-31,1077.819,182.746,,2648.848,1142.685,1417.418,-88.893
FLT,2018,2018-12-31,0,92.151,7.94223,1088.6,2433.492,-145.741,811.483,835.996,2018-12-31,1095.125,259.129,,2433.492,1059.46,1344.892,152.266
FLT,2017,2017-12-31,113.133,93.594,5.86741,880.464,2136.405,-160.31,740.2,612.058,2017-12-31,893.59,281.532,,2249.538,988.024,1255.941,173.436
FLT,2016,2016-12-31,104.345,95.213,4.75129,754.153,1727.201,-108.252,452.385,452.385,2016-12-31,642.919,190.534,,1831.546,770.482,973.048,-2.982
FLT,2015,2015-12-31,108.257,94.139,3.85,667.534,1594.608,-129.007,362.431,362.431,2015-12-31,536.004,173.573,,1702.865,737.863,927.0739999999998,-2.523
FLT,2014,2014-12-31,96.3,87,4.37,549.7,1103.1,-37.4,368.7,368.7,2014-12-31,512.9,144.2,,1199.4,454.8,553.4000000000001,0.7
FLT,2013,2013-12-31,68.1,84.7,3.36,420.6,827,-16.5,284.5,284.5,2013-12-31,403.6,119.1,,895.2,333.7,406.4,-0.6
FLT,2012,2012-12-31,58.6,85.7,2.52,324.9,649,-13,216.2,216.2,2012-12-31,310.8,94.6,,707.5,272,324,-1.1
FLT,2011,2011-12-31,51.2,83.7,1.78,223.7,468.4,-13.4,147.3,147.3,2011-12-31,210.9,63.5,,519.6,205.9,244.7,0.6
FLT,2010,2010-12-31,49.1,80.8,1.34,170.5,384.8,-20.5,107.9,107.9,2010-12-31,151.3,43.4,,433.8,180.6,214.20000000000002,1.3
FLT,2009,2009-12-31,39.7,78.9,1.13,146,314.4,-17.4,89.1,89.1,2009-12-31,129.6,40.6,,354.1,140,168.3,0.9
FLT,2008,2008-12-31,38.5,71.9,1.35,152.5,302.5,-20.3,97.3,97.3,2008-12-31,134.7,37.4,,341.1,122.8,150.1,2.5
FLT,2007,2007-12-31,39.4,71.7,0.86,105.8,224.7,-19.7,61.6,61.6,2007-12-31,87.6,26,,264.1,98.7,118.9,1.6
FLT,2006,2006-12-31,32.8,66.7,0.57,71.8,153.4,-11.9,38,38,2006-12-31,59.9,22,,186.2,69,81.60000000000001,0
FLT,2005,2005-12-31,24.2,29,1.06,59,119.1,-7.6,30.7,30.7,2005-12-31,49.4,18.7,,143.3,52.7,60.2,-2
FLIR,2019,2019-12-31,951.623,136.637,1.58966,273.26,935.403,-23.751,171.597,171.597,2019-12-31,241.916,70.319,204.207,1887.026,393.637,662.143,-7.593
FLIR,2018,2018-12-31,875.368,140.209,2.18987,318.606,900.318,-21.346,282.425,282.425,2018-12-31,307.103,24.678,176.281,1775.686,386.869,581.7119999999999,9.843
FLIR,2017,2017-12-31,941.658,139.646,1.56909,289.961,858.776,-24.44,107.223,201.623,2017-12-31,279.065,77.442,170.735,1800.434,373.867,568.8149999999999,13.544
FLIR,2016,2016-12-31,895.046,138.497,1.20934,295.718,767.121,-16.669,166.626,166.626,2016-12-31,275.957,109.331,147.537,1662.167,322.435,471.403,-3.092
FLIR,2015,2015-12-31,803.506,140.774,1.72449,305.764,753.561,-12.919,241.686,241.686,2015-12-31,305.446,63.76,132.892,1557.067,313.544,447.79700000000014,12.601
FLIR,2014,2014-12-31,779.69,143.569,1.48976,259.244,750.964,-13.188,200.261,200.261,2014-12-31,249.529,49.268,142.751,1530.654,331.995,491.72,3.473
FLIR,2013,2013-12-31,757.7,144.6,1.37,240.7,738.7,-13,177,177,2013-12-31,229,52,147.7,1496.4,322.7,497.89999999999986,1.3
FLIR,2012,2012-12-31,668.2,153.6,1.49,303.3,737.2,-10.1,222.4,225.4,2012-12-31,291.9,66.6,137.4,1405.4,292.5,433.79999999999995,-1.3
FLIR,2011,2011-12-31,715.5,160.9,1.38,313.2,828.6,-4.2,221.5,222.7,2011-12-31,311.1,88.4,147.2,1544.1,368.2,515.4000000000001,2.1
FLIR,2010,2010-12-31,624.8,161.6,1.54,360.3,763.6,-1.6,248.1,248.4,2010-12-31,362.7,114.3,116.6,1388.4,286.7,403.29999999999995,4
FLIR,2009,2009-12-31,488.6,161.6,1.45,347.3,658.5,-5.1,230.2,230.2,2009-12-31,340.4,110.2,91.3,1147.1,219.9,311.19999999999993,-1.8
FLIR,2008,2008-12-31,470.8,162.9,1.28,284.5,606.1,-6.9,200.9,200.9,2008-12-31,290.3,89.4,90,1077,231.7,321.7,12.8
FLIR,2007,2007-12-31,346.2,159.2,0.89,191.8,433.2,-9.7,133.6,133.6,2007-12-31,186.1,52.5,72.5,779.4,168.9,241.40000000000003,3.9
FLIR,2006,2006-12-31,260.1,159.6,0.66,137,314.9,-5.6,100.9,100.9,2006-12-31,132.6,31.7,60.6,575,117.4,177.89999999999998,1.3
FLIR,2005,2005-12-31,231.9,164.1,0.58,126,276.7,-5.3,90.8,90.8,2005-12-31,122.2,31.5,51.5,508.6,99.2,150.70000000000002,1.5
FLIR,2004,2004-12-31,233.5,162.2,0.46,107.8,249.2,-7.6,70.6,70.6,2004-12-31,98.5,27.9,45.8,482.7,95.6,141.39999999999998,-1.6
FLIR,2003,2003-12-31,146.5,151.1,0.31,69.8,165.5,-2.4,44.7,44.7,2003-12-31,63.8,19.2,30.7,312,65,95.69999999999999,-3.6
FLIR,2002,2002-12-31,124.1,142.7,0.29,50.5,137,-1.5,41.6,41.6,2002-12-31,48.9,7.3,26.9,261.1,59.6,86.4,-0.1
FLIR,2001,2001-12-31,97.5,128.3,0.2,37.7,116.8,-9.4,25.9,25.9,2001-12-31,28.7,2.8,27.2,214.4,51.9,79.1,0.4
FLIR,2000,2000-12-31,104.1,115.8,-0.23,-10.8,82.2,-12,-26.1,-26.1,2000-12-31,-22.3,3.7,29.2,186.4,63.9,93.1,0.5
FLIR,1999,1999-12-31,123.2,114,-0.42,-46.3,55.3,-7.8,-54.4,-54.4,1999-12-31,-52.1,2.3,29.4,178.6,62.9,101.7,2.1
FLIR,1998,1998-12-31,87.4,108.1,0.03,9.9,89.9,-3.2,3.6,3.6,1998-12-31,5.4,1.8,27,177.3,53,80,-1.3
FLIR,1997,1997-12-31,86.8,63.4,-0.09,-37.2,54.7,-3.6,-29.2,-29.2,1997-12-31,-40.7,-11.5,17.6,141.6,37.9,91.89999999999999,
FLIR,1996,1996-12-31,57.9,45,0.16,10.4,52.3,-0.2,6.6,7.4,1996-12-31,10.1,2.7,13.6,110.2,28.4,41.9,
FLIR,1995,1995-12-31,22.7,44.2,0.09,5,27.4,-0.6,3.9,3.9,1995-12-31,4.4,0.5,7.8,50.1,14.7,22.500000000000004,
FLIR,1994,1994-12-31,23.8,43.5,0.12,5.2,25.2,-0.2,5.2,5.2,1994-12-31,5.8,0.6,7.6,49,12.4,19.999999999999996,0.7
FLIR,1993,1993-12-31,19.1,38.6,0.08,3.6,21,-0.2,3.2,3.2,1993-12-31,3.6,0.4,7,40.1,10.4,17.4,0.1
FLIR,1992,1992-12-31,15.5,31.2,0.08,2.9,15.7,-0.2,2.5,2.5,1992-12-31,2.7,0.3,5,31.2,7.8,12.7,0
FLIR,1991,1991-12-31,9.5,31.2,0.02,0.8,10.4,-0.2,0.6,0.6,1991-12-31,0.6,0.1,4.5,19.9,5.2,9.7,0
FLIR,1990,1990-12-31,5.8,24.3,0.02,0.7,8.1,-0.1,0.6,0.6,1990-12-31,0.6,0,3,13.9,4.5,7.500000000000001,0
FLS,2019,2019-12-31,2632.243,131.719,2.16856,406.04,1312.607,-38.566,253.668,261.78,2019-12-31,341.85,80.07,42,3944.85,834.349,906.567,-25.624
FLS,2018,2018-12-31,2602.132,131.271,1.3303,247.538,1230.534,-54.849,119.671,119.35,2018-12-31,176.274,56.924,39.6,3832.666,892.88,982.9960000000001,-16.415
FLS,2017,2017-12-31,2527.931,131.358,0.37219,341.135,1132.9,2065.699,2.652,119.628,2017-12-31,263.007,143.379,38.6,3660.831,835.819,791.7649999999999,-2143.827
FLS,2016,2016-12-31,2753.689,130.975,1.04859,276.684,1236.798,-51.64,132.455,135.532,2016-12-31,212.912,77.38,42.8,3990.487,922.576,960.114,-12.132
FLS,2015,2015-12-31,3013.534,133.811,2.81502,514.665,1544.257,-39.305,258.411,264.016,2015-12-31,412.367,148.351,45.9,4557.791,886.396,1029.592,-62.993
FLS,2014,2014-12-31,3167.714,137.843,3.72441,785.386,1710.171,-50.178,513.372,519.433,2014-12-31,728.744,209.311,40.9,4877.885,896,924.7849999999999,-6.464
FLS,2013,2013-12-31,3266.5,142.4,3.41,760.3,1688.1,-53,485.5,488.3,2013-12-31,693,204.7,37.8,4954.6,929,927.8000000000002,-14.3
FLS,2012,2012-12-31,3170.4,158,2.84,675.8,1581,-42.6,448.3,450.8,2012-12-31,611.6,160.8,38.9,4751.3,883.2,905.1999999999998,-21.6
FLS,2011,2011-12-31,2996.6,168.3,2.6,618.7,1513.6,-34.6,428.6,429.2,2011-12-31,587.8,158.5,,4510.2,914.1,894.9000000000001,3.7
FLS,2010,2010-12-31,2622.3,169.2,2.37,581.4,1409.7,-32.7,388.3,388.7,2010-12-31,530.3,141.6,,4032,845,828.3999999999996,-18.3
FLS,2009,2009-12-31,2817.1,169.1,2.83,629.5,1548.1,-36.8,427.9,428.3,2009-12-31,584.8,156.5,,4365.3,934.5,918.5999999999999,-8
FLS,2008,2008-12-31,2893.2,171.5,2.58,612.9,1580.3,-42.9,442.4,442.4,2008-12-31,590.1,147.7,,4473.5,984.4,967.4000000000001,20.2
FLS,2007,2007-12-31,2515,171.9,1.49,409.5,1247.7,-55.8,255.8,255.8,2007-12-31,360.1,104.3,,3762.7,856.5,838.1999999999998,6.4
FLS,2006,2006-12-31,2053.8,170.7,0.67,238.9,1007.3,-58.1,115,114,2006-12-31,187.3,73.2,,3061.1,782.5,768.2999999999997,6.4
FLS,2005,2005-12-31,1833.4,170.1,0.36,162.3,861.8,-70.7,11.8,46.2,2005-12-31,83.3,37.1,,2695.3,671.7,699.5,-8.4
FLS,2004,2004-12-31,1859.4,167,0.13,153.1,778.8,-79.1,24.2,20.2,2004-12-31,59.6,39.5,,2638.2,623,625.6999999999998,-14.4
FLS,2003,2003-12-31,1682,165.8,0.42,158.6,722.4,-80.2,52.9,52.9,2003-12-31,73.8,20.9,,2404.4,539.8,563.6999999999998,-4.6
FLS,2002,2002-12-31,1573.5,156.6,0.42,179.7,677.7,-92.9,45.5,52.9,2002-12-31,83.7,30.8,,2251.1,477.4,497.9000000000001,-3.1
FLS,2001,2001-12-31,1303,118,0.47,142.2,614.6,-118.1,-1.5,16.4,2001-12-31,25.6,9.3,,1917.5,410.6,472.4000000000001,1.5
FLS,2000,2000-12-31,1031.4,113.5,0.45,92,506.9,-70.3,13.2,15.3,2000-12-31,23.2,7.9,24.8,1538.3,335.5,414.89999999999986,1.5
FLS,1999,1999-12-31,697.9,113.6,0.28,31.7,363.3,-15.5,12.2,12.2,1999-12-31,18.2,6.1,25.6,1061.3,275.9,331.6,2
FLS,1998,1998-12-31,667.8,119.7,0.61,85.1,415.3,-13.2,48.9,47.7,1998-12-31,73.2,25.5,26.4,1083.1,265.6,330.20000000000005,1.3
FLS,1997,1997-12-31,703.3,122.7,0.61,84.6,448.9,-13.3,51.6,51.6,1997-12-31,89.8,38.2,26.9,1152.2,285.9,364.29999999999995,7.1
FLS,1996,1996-12-31,361.4,73.3,0.64,69.1,244.1,-4.9,43.3,43.3,1996-12-31,64.2,20.9,15.5,605.5,147.2,175,6.5
FLS,1995,1995-12-31,317.3,74.2,0.45,55.3,215.4,-5.2,30.7,30.7,1995-12-31,50.1,19.5,15,532.7,137.3,160.09999999999997,2.8
FLS,1994,1994-12-31,217.2,57.4,0.3,31.3,128.1,-4.3,17.2,17.2,1994-12-31,26.9,9.8,9.6,345.4,85.3,96.90000000000003,1.9
FLS,1993,1993-12-31,195.8,57.2,0.29,30.2,118.1,-3.9,16.1,16.5,1993-12-31,26.4,9.9,9.2,313.9,79,87.89999999999998,0
FLS,1992,1992-12-31,188.9,57.2,0.3,23.6,111.5,-2.9,-7.8,13.2,1992-12-31,20.7,7.4,9.2,300.4,72.2,87.9,0
FLS,1991,1991-12-31,184,57,0.34,34,112.5,-2.9,19.6,19.6,1991-12-31,31.1,11.5,11,296.5,67.4,78.39999999999998,0
FLS,1990,1990-12-31,182.3,56.4,0.37,36.9,114.5,-3.5,20.9,20.9,1990-12-31,33.4,12.5,10.2,296.8,63.8,77.59999999999997,0
FLS,1989,1989-12-31,176.4,56.3,0.35,36.3,104.6,-4,19.7,19.7,1989-12-31,32.4,12.6,8.3,281,59.2,68.29999999999998,0
FLS,1988,1988-12-31,142,51.9,0.29,25.8,88.9,-4.1,15,15,1988-12-31,24.7,9.7,7.2,230.9,50.4,63.099999999999994,3
FLS,1987,1987-12-31,117.9,47.5,0.13,13.3,64.1,-4,6.2,6.2,1987-12-31,10.9,4.8,7.1,182.1,41.7,50.900000000000006,1.7
FLS,1986,1986-12-31,99.1,47.1,0.04,4.7,45.2,-1.8,3.5,2,1986-12-31,3.6,1.7,0,144.3,39,40.5,0.8
FLS,1985,1985-12-31,97.3,47,0.12,11,48.7,-1.8,5.9,5.9,1985-12-31,10,4.1,0,146,37,37.60000000000001,0.8
FLS,1984,1984-12-31,99.7,46.8,0.05,-6.1,39.9,-1.6,-2.2,-2.2,1984-12-31,-6.8,-4.6,0,139.7,38.3,45.999999999999986,0.9
FLS,1983,1983-12-31,83.6,46.7,0.06,4.8,40.1,-1.3,3,3,1983-12-31,4.7,1.7,0,123.7,34.6,35.30000000000001,1.2
FMC,2019,2019-12-31,2526.2,132.002,4.96483,821.6,2083.6,-158.5,477.4,543.5,2019-12-31,655,111.5,298.1,4609.8,715.1,1262,-8.1
FMC,2018,2018-12-31,2335.9,135.879,5.79072,740.9,1949.4,-133,502.1,545.4,2018-12-31,608.4,63,287.7,4285.3,703.1,1208.5,0.5
FMC,2017,2017-12-31,1777.3,134.255,2.62627,278,1101.3,-79,535.8,232.6,2017-12-31,180.8,-51.8,141.5,2878.6,470.2,823.3,-18.2
FMC,2016,2016-12-31,1607.7,134.538,1.33067,253.8,931.2,-62.4,209.1,130.7,2016-12-31,180.8,50.1,134.5,2538.9,458.5,677.3999999999999,-10.6
FMC,2015,2015-12-31,2201.1,133.696,-0.34328,-45.6,1075.4,-80.3,489,-177.9,2015-12-31,-130.5,47.4,143.7,3276.5,565.8,1121,-4.6
FMC,2014,2014-12-31,2047.8,134.282,2.43217,410.3,1210.9,-51,307.5,307.6,2014-12-31,363.8,56.2,126.3,3258.7,490.2,800.6000000000001,4.5
FMC,2013,2013-12-31,2534.4,136.1,3.37,697.3,1340.4,-43.1,293.9,467.3,2013-12-31,615.9,148.6,117.7,3874.8,515.8,643.0999999999999,-38.3
FMC,2012,2012-12-31,2407.1,138.8,3.36,668,1341.2,-45.6,416.2,465.9,2012-12-31,612.6,146.7,117.8,3748.3,527.1,673.2000000000003,-9.8
FMC,2011,2011-12-31,2210.5,143.3,2.88,550.5,1167.4,,365.9,414,2011-12-31,550.5,136.5,105.2,3377.9,442.5,616.9000000000001,
FMC,2010,2010-12-31,2065.6,146.2,2.33,350.5,1050.7,,172.5,218.5,2010-12-31,350.5,132,100.5,3116.3,411.2,700.2000000000003,
FMC,2009,2009-12-31,1943.6,146.6,2.32,310,882.6,,228.5,257,2009-12-31,310,53,92.8,2826.2,322.3,572.5999999999999,
FMC,2008,2008-12-31,2134.4,151.6,2.41,454.9,980.9,,304.6,329.5,2008-12-31,454.9,125.4,93.8,3115.3,336.8,526,
FMC,2007,2007-12-31,1830.1,155.2,1.91,185.7,802.8,,132.4,156.7,2007-12-31,185.7,29,94.6,2632.9,315.3,617.0999999999999,
FMC,2006,2006-12-31,1636.5,158,1.25,213.5,710.5,,132,144.8,2006-12-31,213.5,68.7,96.9,2347,284.9,497,
FMC,2005,2005-12-31,1505.5,156.7,1.08,193.3,644.7,,116.6,111,2005-12-31,193.3,82.3,94.4,2150.2,270.4,451.4000000000001,
FMC,2004,2004-12-31,1474.2,149.4,1.23,215.4,577,-84.3,160.2,175.6,2004-12-31,131.1,-44.5,93.4,2051.2,254.8,361.5999999999999,
FMC,2003,2003-12-31,1400.5,142.4,0.26,201.7,520.9,-163.7,26.5,39.8,2003-12-31,38,-1.8,87.4,1921.4,236.9,319.20000000000005,
FMC,2002,2002-12-31,1359.9,137.4,0.68,156.8,493,-70.3,65.8,69.1,2002-12-31,86.5,17.4,82,1852.9,224.1,336.1999999999998,
FMC,2001,2001-12-31,1408.7,124.2,0.85,-412.3,534.3,-60.6,-337.7,-306.3,2001-12-31,-472.9,-166.6,99.8,1943,243.3,946.6000000000001,
FMC,2000,2000-12-31,2872,126.3,2.08,319.9,1053.5,-97.3,110.6,177.3,2000-12-31,222.6,45.3,154.5,3925.5,522.5,733.5999999999999,
FMC,1999,1999-12-31,3008.4,129.5,1.74,386.1,1102.2,-111.8,212.6,216,1999-12-31,274.3,58.3,152.4,4110.6,575.4,716.0999999999999,
FMC,1998,1998-12-31,3244,139.8,1.45,364,1134.4,-114.5,106.5,185.3,1998-12-31,249.5,64.2,157.7,4378.4,612.7,770.4000000000001,
FMC,1997,1997-12-31,3190.4,147.2,1.14,58,1068.6,-117.7,162.4,-24.5,1997-12-31,-59.7,-35.2,174,4259,625.3,1064.2000000000003,
FMC,1996,1996-12-31,3726,152.2,1.57,472.5,1243.4,-149.9,210.7,218.1,1996-12-31,322.6,104.5,189.4,4969.4,692.7,882.1000000000004,
FMC,1995,1995-12-31,3332.1,150.9,1.74,278.8,1177.7,-131.6,215.6,215.6,1995-12-31,246.9,31.3,187.8,4509.8,630,955.7000000000003,3.4
FMC,1994,1994-12-31,2941.6,148.8,1.17,372.8,1069.2,-68,173.4,173.4,1994-12-31,252.3,78.9,166.8,4010.8,587.7,736.9000000000001,-52.5
FMC,1993,1993-12-31,2835.3,143.9,1.06,102.9,918.6,-73.6,36.3,41,1993-12-31,37.8,-3.2,149.2,3753.9,539.4,850.6999999999998,8.5
FMC,1992,1992-12-31,2987.9,147.2,1.31,365.9,985.8,-94.9,-75.7,192.6,1992-12-31,279.6,87,145,3973.7,533.9,649.5999999999999,8.6
FMC,1991,1991-12-31,2943.7,145.1,1.19,366.3,955.7,-124.7,163.9,173.1,1991-12-31,255.9,82.8,134.6,3899.4,496.4,613.5,14.3
FMC,1990,1990-12-31,2771.1,144.3,1.08,347.6,951.1,-150.6,155.3,155.3,1990-12-31,211.3,56.1,157.6,3722.2,486.2,624.3000000000002,14.4
FMC,1989,1989-12-31,2517.5,144,1.09,353.7,897,-161.9,136.6,156.7,1989-12-31,218.3,61.6,149.7,3414.5,446.3,560.0999999999999,26.6
FMC,1988,1988-12-31,2433.5,143.5,0.9,346.2,853.4,-188.7,129.2,129.2,1988-12-31,189.5,60.3,143.6,3286.9,428.7,532.5999999999999,32
FMC,1987,1987-12-31,2353.1,169,1.13,296.3,786,-218.8,180.7,191.2,1987-12-31,201.4,10.2,132,3139.1,420.7,509.8000000000002,123.8
FMC,1986,1986-12-31,2201.2,377,0.4,325.1,801.5,-159.4,152.5,152.5,1986-12-31,192.6,40.1,145.8,3002.7,413.6,487.8000000000002,26.9
FMC,1985,1985-12-31,2448.5,607.1,0.32,274.2,812.3,-35.5,196.6,196.6,1985-12-31,269.1,72.5,149.4,3260.8,424.2,573.5999999999999,30.3
FMC,1984,1984-12-31,2521.6,715.2,0.32,322.8,816.3,-42,38,225.9,1984-12-31,348.6,122.8,120.6,3337.8,395.5,516,67.8
FMC,1983,1983-12-31,2520.1,815.6,0.23,310.6,726.7,-49,168.8,188.4,1983-12-31,260.2,71.8,102.4,3246.8,387.8,490.0999999999999,-1.4
F,2019,2019-12-31,143405,4004,2.07867,519,12495,8,47,179,2019-12-31,-640,-819,,155900,11161,11976,-1167
F,2018,2018-12-31,145730,3998,1.26838,3203,14608,-248,3677,3572,2018-12-31,4345,773,,160338,11403,11405,1390
F,2017,2017-12-31,140367,3998,1.65158,4881,16409,463,7731,7237,2017-12-31,8159,922,,156776,11527,11528,2815
F,2016,2016-12-31,135042,3999,-0.02776,5786,16758,1264,4589,4600,2016-12-31,6784,2184,,151800,10972,10972,-266
F,2015,2015-12-31,126900,4002,1.7437,6982,22658,1445,7373,7371,2015-12-31,10252,2881,,149558,10763,15676,1825
F,2014,2014-12-31,126215,4045,1.17,3308,17862,11,3187,3186,2014-12-31,4342,1156,,144077,14117,14554,1023
F,2013,2013-12-31,128094,4087,1.79,5420,18823,535,7155,7148,2013-12-31,7001,-147,,146917,13176,13403,1046
F,2012,2012-12-31,115693,4015,1.58,6277,18559,904,5665,5664,2012-12-31,7720,2056,,134252,12182,12282,539
F,2011,2011-12-31,116959,4111,5.09,7632,19305,580,20213,20222,2011-12-31,8681,-11541,,136264,11578,11673,469
F,2010,2010-12-31,108796,4178,1.94,7482,20158,-758,6561,6557,2010-12-31,7149,592,,128954,11909,12676,425
F,2009,2009-12-31,104179,3312,0.86,-1955,12104,-1147,2717,2712,2009-12-31,2599,-113,,116283,13029,14059,5701
F,2008,2008-12-31,134847,2273,-6.46,-11874,11430,-2530,-14672,-14467,2008-12-31,-14404,63,,146277,21430,23304,1874
F,2007,2007-12-31,151262,1979,-0.61,-3044,21193,-702,-2723,-2452,2007-12-31,-3746,-1294,,172455,21169,24237,668
F,2006,2006-12-31,156657,1879,-6.71,-15955,3466,904,-12613,-12405,2006-12-31,-15051,-2646,,160123,19180,19421,241
F,2005,2005-12-31,152121,2135,0.54,-330,24775,314,1440,1924,2005-12-31,1079,-845,,176896,24622,25105,483
F,2004,2004-12-31,141706,2126,1.8,4831,29946,22,3487,3916,2004-12-31,4853,937,,171652,12667,25115,
F,2003,2003-12-31,136141,1832,0.5,1796,28055,-426,495,1235,2003-12-31,1370,135,,164196,12509,26259,
F,2002,2002-12-31,132593,1818,0.15,1578,29993,-625,-980,651,2002-12-31,953,302,,162586,13095,28415,
F,2001,2001-12-31,138629,1811,-3.02,-6116,23783,-1468,-5453,-5433,2001-12-31,-7584,-2151,,162412,13602,29899,
F,2000,2000-12-31,135639,1504,3.59,8199,34425,29,3467,5529,2000-12-31,8234,2705,,170064,11847,26226,6
F,1999,1999-12-31,126725,1233,5.86,10913,35833,158,7237,7356,1999-12-31,11026,3670,,162558,11013,24920,-45
F,1998,1998-12-31,112818,1237,6.47,24932,31598,655,22071,22220,1998-12-31,25396,3176,,144416,9414,6666,-191
F,1997,1997-12-31,118619,1224,5.47,10430,35008,344,6920,7198,1997-12-31,10939,3741,,153627,10312,24578,-104
F,1996,1996-12-31,118586,1210,3.34,6003,28405,225,4446,4627,1996-12-31,6793,2166,,146991,9189,22402,-85
F,1995,1995-12-31,110595,1196,3.33,6681,26542,163,4139,4326,1995-12-31,6705,2379,,137137,7862,19861,-139
F,1994,1994-12-31,102910,1175,4.69,8574,25529,-721,5308,5460,1994-12-31,8789,3329,,128439,6963,16955,936
F,1993,1993-12-31,91762,1160,2.1,4120,16759,-807,2529,2653,1993-12-31,4003,1350,,108521,6379,12639,690
F,1992,1992-12-31,88804,974,-0.73,65,11328,-860,-7385,-422,1992-12-31,-127,295,,100132,6229,11263,668
F,1991,1991-12-31,80143,952,-2.4,-2333,8143,-903,-2258,-2192,1991-12-31,-2587,-395,,88286,6153,10476,649
F,1990,1990-12-31,86537,925,0.93,1532,11113,-564,860,965,1990-12-31,1495,530,,97650,5921,9581,528
F,1989,1989-12-31,82592,933,4.5,5141,13554,-321,3835,3917,1989-12-31,6030,2112,,96146,5321,8413,1209
F,1988,1988-12-31,77850,968,5.48,7664,14595,-354,5300,5344,1988-12-31,8343,2999,,92446,4889,6932,1033
F,1987,1987-12-31,66464,1022,4.53,7651,13429,-453,4625,4659,1987-12-31,7885,3226,,79893,4354,5778,687
F,1986,1986-12-31,59266,1066,3.08,5427,10428,-490,3285,3297,1986-12-31,5620,2324,,69695,3837,5001,683
F,1985,1985-12-31,47520,1107,2.27,2730,5255,-447,2515,2527,1985-12-31,3630,1103,,52774,2525,2525,1347
F,1984,1984-12-31,46400,1104,2.63,3422,5966,-536,2907,2954,1984-12-31,4283,1329,,52366,2544,2544,1397
F,1983,1983-12-31,40251,1088,1.72,1804,4203,-567,1867,1896,1983-12-31,2166,270,,44455,2400,2400,930
FTNT,2019,2019-12-31,505.9,175,1.87229,340.4,1650.3,37.8,326.5,324.4,2019-12-31,379.2,54.8,277.1,2156.2,1029,1309.9,1
FTNT,2018,2018-12-31,450.4,174.2,2.09414,231,1350.8,28.7,332.2,364.8,2018-12-31,250.9,-113.9,244.5,1801.2,875.3,1119.8000000000002,-8.8
FTNT,2017,2017-12-31,385.284,178.079,0.53211,109.804,1109.646,13.482,31.399,94.499,2017-12-31,123.994,29.495,210.614,1494.93,788.888,999.842,0.708
FTNT,2016,2016-12-31,337.837,176.338,0.19944,42.944,937.606,7.303,32.187,32.187,2016-12-31,43.148,10.961,183.084,1275.443,707.581,894.662,-7.099
FTNT,2015,2015-12-31,286.777,176.141,0.06561,14.877,722.491,5.295,7.987,7.987,2015-12-31,17.005,9.018,158.129,1009.268,541.885,707.614,-3.167
FTNT,2014,2014-12-31,231,169.3,0.15,59.3,539.4,5.4,25.3,25.3,2014-12-31,61.5,36.2,122.9,770.4,357.2,480,-3.2
FTNT,2013,2013-12-31,180.6,168.2,0.26,72.1,434.7,5.3,44.3,44.3,2013-12-31,75.9,31.7,102.7,615.3,259.9,362.6,-1.5
FTNT,2012,2012-12-31,147.4,166.3,0.39,100.5,386.2,5,66.8,66.8,2012-12-31,105,38.2,81.1,533.6,206.6,285.79999999999995,-0.5
FTNT,2011,2011-12-31,113.6,163.8,0.41,88.9,320,3.5,62.5,62.5,2011-12-31,92.1,29.6,63.6,433.6,169.4,231.1,-0.4
FTNT,2010,2010-12-31,85.2,156.4,0.4,55.3,239.5,1.8,41.2,41.2,2010-12-31,56.3,15.1,49.8,324.7,134.3,184.2,-0.8
FTNT,2009,2009-12-31,70,130.4,0.46,25.3,182.1,2,60.2,60.2,2009-12-31,27.5,-32.7,42.2,252.1,114.6,156.8,0.2
FTNT,2008,2008-12-28,65.5,134.2,0.05,4.9,146.3,2.6,7.4,7.4,2008-12-28,9.3,1.9,37,211.8,104.4,141.4,1.7
FTNT,2007,2007-12-30,56.7,38.6,-0.57,-21.6,98.7,3.5,-21.8,-21.8,2007-12-30,-20.1,1.8,27.6,155.4,92.7,120.2,-2
FTNT,2006,2006-12-31,41,37.7,-0.14,-6,82.5,2.4,-5.3,-5.3,2006-12-31,-4.1,1.2,21.4,123.5,67.1,88.5,-0.5
FTNT,2005,2006-01-01,27.5,36.1,-0.48,-14.4,52.3,1.6,-14.2,-14.2,2006-01-01,-13.2,0.9,17.4,79.8,54.2,66.7,-0.5
FTNT,2004,2004-12-31,19.8,33.2,-1.42,-58.8,19,0.7,-59,-59,2004-12-31,-58.5,0.5,14.5,38.7,43.3,77.8,-0.3
FTV,2019,2019-12-31,3639.7,340,1.96914,1044.9,3680.3,-164.2,738.9,725.4,2019-12-31,874.5,149.1,456.7,7320,2178.7,2635.4000000000005,-6.2
FTV,2018,2018-12-31,3131.4,350.7,2.49865,1178.4,3321.3,-97,2913.8,905.3,2018-12-31,1078.4,173.1,414.3,6452.7,1723.6,2142.9,-3
FTV,2017,2017-12-31,2834.7,352.6,2.31651,1158.3,2921.4,-88.7,1044.5,814.3,2017-12-31,1073.6,259.3,369.3,5756.1,1392.5,1763.1000000000004,4
FTV,2016,2016-12-31,2692.7,347.3,2.15956,1061.7,2685.5,-46.4,872.3,740.2,2016-12-31,1010.5,270.3,351,5378.2,1259.4,1623.8000000000002,-4.8
FTV,2015,2015-12-31,3172.9,345.2,2.55021,1269.7,3005.9,0,863.8,863.8,2015-12-31,1269.7,405.9,377.7,6178.8,1334.2,1736.2000000000003,
FTV,2014,2014-12-31,3282.2,344,2.56,1279.2,3055,,883.4,883.4,2014-12-31,1279.2,395.8,387.6,6337.2,1394.1,1775.8000000000002,
FTV,2013,2013-12-31,3087.8,344,2.47,1143.2,2874.1,,830.9,830.9,2013-12-31,1143.2,312.3,378.3,5961.9,1324.3,1730.8999999999996,
FTV,2012,2012-12-31,3001.8,344,2.3,1127.8,2783.5,,763.7,763.7,2012-12-31,1127.8,364.1,352.7,5785.3,1260.4,1655.6999999999998,
FBHS,2019,2019-12-31,3708.1,141.3,3.43438,698.5,2056.5,-93.9,431.9,431.3,2019-12-31,575.3,144,48.2,5764.6,1204.7,1358.0000000000005,-29.3
FBHS,2018,2018-12-31,3515.6,146.4,3.19315,595.2,1969.5,-65,389.6,395.5,2018-12-31,537,141.5,50.3,5485.1,1191.9,1374.2999999999997,6.8
FBHS,2017,2017-12-31,3352,155.8,3.02649,675.5,1931.3,-48.3,472.6,449.6,2017-12-31,634.8,185.2,50.7,5283.3,1143.2,1255.8000000000002,7.6
FBHS,2016,2016-12-31,3180.8,157.8,2.70009,618.6,1804.1,-49.9,413.2,412.4,2016-12-31,582.1,169.7,53.1,4984.9,1081.5,1185.5,13.4
FBHS,2015,2015-12-31,2995.6,163,1.97011,496.1,1583.8,-23.7,315,306.5,2015-12-31,459.9,153.4,48.7,4579.4,998.3,1087.7000000000003,-12.5
FBHS,2014,2014-12-31,2647.1,166.3,1.68,401.9,1366.5,-10.3,158.1,273.6,2014-12-31,391.9,118.3,46.1,4013.6,896.6,964.5999999999999,0.3
FBHS,2013,2013-12-31,2409.7,171.3,1.34,316.8,1293.9,-6,229.7,209,2013-12-31,310.5,101.5,50.8,3703.6,887.7,977.1000000000004,-0.3
FBHS,2012,2012-12-31,2084.8,166.1,0.78,143.2,1050,-8.8,118.7,108.3,2012-12-31,135.2,26.9,41.7,3134.8,831.4,906.7999999999997,0.8
FBHS,2011,2011-12-31,2319.3,155.2,0.24,-15.6,1009.3,-29.1,-35.6,-34.6,2011-12-31,-43.6,-9,35.1,3328.6,865.5,1024.8999999999996,1.1
FBHS,2010,2010-12-31,2176.1,155.1,0.47,198.4,1057.4,-115.8,63.8,65,2010-12-31,83.1,18.1,33.4,3233.5,797.4,859,0.5
FBHS,2009,2009-12-31,2101.7,155.1,-0.03,54.1,905.1,-84,-39,-38.2,2009-12-31,-30.1,8.1,,3006.8,809,851,-0.2
FBHS,2008,2008-12-31,2541.6,154.6,-0.35,-582.6,1217.5,-134.9,-641.9,-641.2,2008-12-31,-717.7,-76.5,,3759.1,869.3,1800.1,-0.2
FBHS,2007,2007-12-31,3005.6,154.6,,,,187.7,153.1,,2007-12-31,,,,4550.9,960.8,,
FBHS,2006,2006-12-31,29.8,154.6,,,,168.7,328.2,,2006-12-31,,,,4694.2,1001.6,,
