symbol,year,period,costOfGoodsSold,dilutedAverageSharesOutstanding,dilutedEPS,ebit,grossIncome,interestIncomeExpense,netIncome,netIncomeAfterTaxes,period,pretaxIncome,provisionforIncomeTaxes,researchDevelopment,revenue,sgaExpense,totalOperatingExpense,totalOtherIncomeExpenseNet
FOXA,2020,2020-06-30,7807,616,2.40604,1831,4496,-320,999,1062,2020-06-30,1464,402,,12303,1741,2665,-47
FOXA,2019,2019-06-30,7327,621,2.89083,2160,4062,106,1595,1643,2019-06-30,2224,581,,11389,1419,1902,-42
FOXA,2018,2018-06-30,6505,620.59528,2.58326,2237,3648,,2187,1621,2018-06-30,2170,549,,10153,1209,1411,-67
FOXA,2017,2017-06-30,6100,620.59528,2.50864,2266,3821,,1372,1409,2017-06-30,2241,832,,9921,1092,1555,-25
FOXA,2016,2016-06-30,5559,620.59528,1.8832,1855,3335,,1072,1107,2016-06-30,1843,736,,8894,1149,1480,-12
BEN,2019,2019-09-30,,504.3,2.37812,1557.4,,70,1195.7,1205.5,2019-09-30,1647.8,442.3,,5774.5,4217.1,4217.1,20.4
BEN,2018,2018-09-30,,538,3.19129,2116.9,,73,764.4,1711.5,2018-09-30,2215.2,503.7,,6319.1,4200.5,4202.2,25.3
BEN,2017,2017-09-30,,559.1,3.01352,2263.5,,263.6,1696.7,1789.7,2017-09-30,2549.1,759.4,,6392.2,4127.9,4128.7,22
BEN,2016,2016-09-30,,583.8,2.94492,2354.6,,126.5,1726.7,1757.7,2016-09-30,2499.8,742.1,,6618,4252.3,4263.4,12.5
BEN,2015,2015-09-30,,614.9,3.29238,3017.6,,-4.9,2035.3,2104.7,2015-09-30,3028.4,923.7,,7948.7,4921.1,4931.1,7.4
BEN,2014,2014-09-30,,625.2,3.78,3220.6,,173.1,2384.3,2411.7,2014-09-30,3409.6,997.9,,8491.4,5270.2,5270.8,8.8
BEN,2013,2013-09-30,,634.1,3.39,2918.9,,115.6,2150.2,2170.7,2013-09-30,3026.6,855.9,,7985,5063.7,5066.1,8.1
BEN,2012,2012-09-30,,643.2,2.98,2515.2,,147.1,1931.4,1915.5,2012-09-30,2678.2,762.7,,7101,4585.8,4585.8,15.9
BEN,2011,2011-09-30,,666.3,2.87,2659.8,,-54.1,1923.6,1820.8,2011-09-30,2624.2,803.4,,7140,4480.2,4480.2,18.5
BEN,2010,2010-09-30,2003.5,682.1,2.11,1958.7,3849.5,106,1445.7,1451.5,2010-09-30,2069.8,618.3,,5853,1723.7,1890.8000000000002,5.2
BEN,2009,2009-09-30,1352,694.4,1.29,1202.6,2842.1,78.5,896.8,896.8,2009-09-30,1281.1,384.3,,4194.1,1491.8,1639.5,
BEN,2008,2008-09-30,1937.1,714.8,2.22,2099,4095.3,137.6,1588.2,1588.2,2008-09-30,2236.6,648.4,,6032.4,1804,1996.3000000000002,
BEN,2007,2007-09-30,2160.6,756.4,2.34,2067.5,4045.1,397.8,1772.9,1772.9,2007-09-30,2465.3,692.4,,6205.8,1746.1,1977.6,
BEN,2006,2006-09-30,1641.4,785.2,1.68,1633.4,3409.3,202.2,1267.6,1267.6,2006-09-30,1835.6,568,,5050.7,1524.9,1775.9,
BEN,2005,2005-09-30,1406.1,787.7,1.35,1288.4,2904,132.5,1057.6,1057.6,2005-09-30,1420.9,363.2,,4310.1,1450.6,1615.6,
BEN,2004,2004-09-30,1035.1,780.9,0.88,930.8,2403.1,63,706.7,701.9,2004-09-30,993.9,292,,3438.2,1358.9,1472.3000000000002,
BEN,2003,2003-09-30,760.8,764,0.65,648.1,1863.6,52.1,502.8,502.8,2003-09-30,700.2,197.4,,2624.4,1101.1,1215.6000000000001,
BEN,2002,2002-09-30,716.2,786.2,0.55,585.5,1802.3,-7.2,432.7,432.7,2002-09-30,578.3,145.6,,2518.5,1113.8,1216.8,
BEN,2001,2001-09-30,636.9,761,0.72,512,1718,125.8,484.7,484.7,2001-09-30,637.8,153.1,,2354.8,1053.8,1205.9,
BEN,2000,2000-09-30,623.1,739.9,0.81,663.4,1717,76.1,562.1,562.1,2000-09-30,739.6,177.5,,2340.1,934.2,1053.6,
BEN,1999,1999-09-30,620,758.3,0.67,539.1,1642.5,35,426.7,426.7,1999-09-30,574.1,147.4,,2262.5,929.5,1103.4,
BEN,1998,1998-09-30,841.7,758.8,0.71,642.1,1735.6,34.2,500.5,500.5,1998-09-30,676.3,175.8,,2577.3,966.1,1093.5,
BEN,1997,1997-09-30,712.3,760.4,0.62,591.5,1450.9,24.3,434.1,434.1,1997-09-30,615.7,181.7,,2163.3,738.6,859.5,
BEN,1996,1996-09-30,542.4,753.8,0.44,417.1,980.2,39.1,314.7,314.7,1996-09-30,456.2,141.5,,1522.6,544.8,563.1,
BEN,1995,1995-09-30,,756.3,0.38,368.1,,18.5,268.9,268.9,1995-09-30,386.7,117.7,,845.8,459.4,477.7,
BEN,1994,1994-09-30,529.8,753.4,0.33,366.7,812.8,-4.2,251.3,251.3,1994-09-30,362.5,111.2,,1342.5,427.8,446,
BEN,1993,1993-09-30,0,753.4,0.23,284.9,631.4,-10.5,175.5,175.5,1993-09-30,274.4,98.9,,631.4,329.5,346.5,
BEN,1992,1992-09-30,0,701.7,0.18,197.1,370.9,7.7,124.1,124.1,1992-09-30,204.7,80.7,,370.9,173.8,173.9,
BEN,1991,1991-09-30,0,702,0.14,151.9,300.6,10.9,98.2,98.2,1991-09-30,162.7,64.5,,300.6,148.6,148.8,
BEN,1990,1990-09-30,0,706.1,0.13,124.7,252.5,19.7,89.4,89.4,1990-09-30,144.4,55,,252.5,127.8,127.8,
BEN,1989,1989-09-30,0,704.7,0.11,113.1,225.1,16.7,78.6,78.6,1989-09-30,129.7,51.1,,225.1,112.1,112.1,
BEN,1988,1988-09-30,0,713.1,0.09,98.6,197,10.2,66.3,66.3,1988-09-30,108.8,42.5,,197,98.5,98.5,
BEN,1987,1987-09-30,0,717.6,0.08,106.7,204.2,4.9,58.9,58.9,1987-09-30,111.7,52.8,,204.2,97.4,97.4,
BEN,1986,1986-09-30,0,716.6,0.04,64.1,140.5,2.1,32.1,32.1,1986-09-30,66.3,34.2,,140.5,75.1,76.4,
BEN,1985,1985-09-30,0,709.8,0.02,24.8,61.6,1.5,13.5,13.5,1985-09-30,26.4,12.9,,61.6,36.5,36.7,
BEN,1984,1984-09-30,0,707.5,0.01,11.9,35.6,0.5,6.1,6.1,1984-09-30,12.4,6.3,,35.6,23.5,23.7,
BEN,1983,1983-09-30,0,701.9,0,5,23.2,0.4,3.1,3.1,1983-09-30,5.5,2.4,,23.2,18.1,18.1,
FCX,2019,2019-12-31,13112,1451,-0.34149,1064,1290,-620,-239,-204,2019-12-31,306,510,104,14402,414,226,-138
FCX,2018,2018-12-31,13427,1458,1.60256,4761,5201,-945,2602,2778,2018-12-31,3892,1114,105,18628,443,440,76
FCX,2017,2017-12-31,11995,1454,0.89467,3711,4408,-801,1817,1626,2017-12-31,2902,1276,93,16403,477,697,-8
FCX,2016,2016-12-31,13212,1318,-1.16366,-2703,1618,-755,-4154,-3843,2016-12-31,-3472,371,63,14830,597,4321,-14
FCX,2015,2015-12-31,14286,1082,-3.44709,-13512,321,-617,-12236,-12177,2015-12-31,-14128,-1951,107,14607,558,13833,1
FCX,2014,2014-12-31,14761,1039,1.55111,-225,5240,-606,-1308,-1025,2014-12-31,-800,225,106,20001,580,5465,31
FCX,2013,2013-12-31,14634,1006,2.75,5316,6287,-390,2658,3438,2013-12-31,4913,1475,210,20921,540,971,-13
FCX,2012,2012-12-31,11546,954,3.27,5646,6464,-186,3041,3977,2012-12-31,5487,1510,285,18010,431,818,27
FCX,2011,2011-12-31,10920,955,4.82,9072,9960,-312,4560,5731,2011-12-31,8818,3087,271,20880,415,888,58
FCX,2010,2010-12-31,9390,949,4.62,8987,9592,-447,4336,5544,2010-12-31,8527,2983,143,18982,381,605,-13
FCX,2009,2009-12-31,8049,938,3.01,6455,6991,-561,2749,3534,2009-12-31,5841,2307,90,15040,321,536,-53
FCX,2008,2008-12-31,12980,763,-0.42,-12716,4816,-569,-11067,-10450,2008-12-31,-13294,-2844,292,17796,269,17532,-22
FCX,2007,2007-12-31,9773,794,3.77,6382,7166,-491,2977,3733,2007-12-31,6133,2400,145,16939,466,784,157
FCX,2006,2006-12-31,2752,443,3.32,2837,3038,-69,1457,1625,2006-12-31,2826,1201,12,5791,157,202,28
FCX,2005,2005-12-31,1889,441,2.39,2125,2290,-122,995,1122,2005-12-31,2037,915,9,4179,104,165,28
FCX,2004,2004-12-31,1657,370,0.31,690,715,-146,202,244,2004-12-31,574,331,9,2372,90,25,2
FCX,2003,2003-12-31,1302,318,0.58,789,910,-191,182,246,2003-12-31,584,338,6,2212,80,121,-14
FCX,2002,2002-12-31,1199,293,0.44,640,712,-175,165,204,2002-12-31,450,246,3,1910,68,71,-15
FCX,2001,2001-12-31,1227,290,0.26,543,612,-179,113,156,2001-12-31,359,203,9,1839,59,69,-5
FCX,2000,2000-12-31,1294,309,0.13,494,574,-221,77,114,2000-12-31,273,160,9,1869,71,80,0
FCX,1999,1999-12-31,1205,329,0.31,601,683,-212,136,185,1999-12-31,381,196,11,1887,71,81,-8
FCX,1998,1998-12-31,1082,351,0.34,574,675,-206,154,191,1998-12-31,361,171,13,1757,88,101,-7
FCX,1997,1997-12-31,1222,395,0.53,664,778,-152,245,285,1997-12-31,517,231,18,2001,97,115,4
FCX,1996,1996-12-31,1126,393,0.44,638,779,-117,226,275,1996-12-31,522,247,0,1905,141,141,1
FCX,1995,1995-12-31,1056,409,0.49,594,778,-48,254,311,1995-12-31,545,234,14,1834,170,184,-2
FCX,1994,1994-12-31,815,412,0.15,280,397,0,130,156,1994-12-31,279,123,40,1212,109,117,-1
FCX,1993,1993-12-31,635,396,0.11,155,291,-15,51,70,1993-12-31,137,68,34,926,81,136,-3
FCX,1992,1992-12-31,357,375,0.33,276,357,-19,130,161,1992-12-31,265,104,12,714,68,81,7
FCX,1991,1991-12-31,243,364,0.28,178,225,-21,96,114,1991-12-31,160,46,7,468,41,47,3
FCX,1990,1990-12-31,196,347,0.27,205,239,-14,93,107,1990-12-31,192,86,4,434,30,34,1
FCX,1989,1989-12-31,143,342,0.29,204,225,0,99,116,1989-12-31,206,90,,368,21,21,3
FCX,1988,1988-12-31,119,342,0.28,200,216,-1,94,111,1988-12-31,200,89,0,335,15,16,1
FCX,1987,1987-12-31,103,342,0.13,77,87,-3,43,51,1987-12-31,75,25,0,190,10,10,1
FCX,1986,1986-12-31,117,342,0.05,27,34,-2,17,20,1986-12-31,25,6,0,151,7,7,1
GPS,2020,2020-02-01,10250,378,1.6818,574,6133,-46,351,381,2020-02-01,528,147,,16383,980,5559,
GPS,2019,2019-02-02,10258,388,2.69838,1362,6322,-40,1003,1036,2019-02-02,1322,286,,16580,966,4960,
GPS,2018,2018-02-03,9789,396,2.07576,1479,6066,-55,848,882,2018-02-03,1424,542,,15855,970,4587,
GPS,2017,2017-01-28,9876,400,2.5875,1191,5640,-67,676,676,2017-01-28,1124,448,,15516,855,4449,
GPS,2016,2016-01-30,10043,413,2.50927,1524,5754,-53,920,920,2016-01-30,1471,551,,15797,832,4230,
GPS,2015,2015-01-31,10146,440,2.88243,2083,6289,-70,1262,1262,2015-01-31,2013,751,,16435,894,4206,
GPS,2014,2014-02-01,9855,467,2.74,2149,6293,-56,1280,1280,2014-02-01,2093,813,,16148,880,4144,
GPS,2013,2013-02-02,9480,488,2.34,1942,6171,-81,1135,1135,2013-02-02,1861,726,,15651,884,4229,
GPS,2012,2012-01-28,9275,533,1.58,1438,5274,-69,833,833,2012-01-28,1369,536,,14549,770,3836,
GPS,2011,2011-01-29,8775,641,1.89,1968,5889,14,1204,1204,2011-01-29,1982,778,,14664,738,3921,
GPS,2010,2010-01-30,8473,699,1.59,1815,5724,1,1102,1102,2010-01-30,1816,714,,14197,744,3909,
GPS,2009,2009-01-31,9079,719,1.35,1548,5447,36,967,967,2009-01-31,1584,617,,14526,686,3899,
GPS,2008,2008-02-02,10071,794,1.1,1315,5692,91,833,867,2008-02-02,1406,539,,15763,,4377,
GPS,2007,2007-02-03,10294,836,0.93,1264,5649,,778,778,2007-02-03,1264,486,,15943,,4385,
GPS,2006,2006-01-28,10154,902,1.24,1793,5869,,1113,1113,2006-01-28,1793,680,,16023,,4076,
GPS,2005,2005-01-29,9886,991,1.27,1872,6381,,1150,1150,2005-01-29,1872,722,,16267,,4509,
GPS,2004,2004-01-31,9886,988,1.1,1683,5968,,1030,1030,2004-01-31,1683,653,,15854,,4285,
GPS,2003,2003-02-01,9542,881,0.54,801,4913,,477,477,2003-02-01,801,323,,14455,,4112,
GPS,2002,2002-02-02,9704,860,-0.01,242,4143,,-8,-8,2002-02-02,242,249,,13848,,3902,
GPS,2001,2001-02-03,8599,879,1,1382,5074,,877,877,2001-02-03,1382,504,,13673,,3693,
GPS,2000,2000-01-29,6775,895,1.26,1785,4860,,1127,1127,2000-01-29,1785,658,,11635,,3075,
GPS,1999,1999-01-30,5318,904,0.91,1319,3736,,825,825,1999-01-30,1319,495,,9054,,2417,
GPS,1998,1998-01-31,4022,923,0.58,854,2486,,534,534,1998-01-31,854,320,,6508,,1632,
GPS,1997,1997-02-01,3285,961,0.47,749,1999,,453,453,1997-02-01,749,296,,5284,,1251,
GPS,1996,1996-02-03,2821,962,0.37,585,1574,,354,354,1996-02-03,585,231,,4395,,989,
GPS,1995,1995-01-28,2351,986,0.32,529,1372,,320,320,1995-01-28,529,209,,3723,,843,
GPS,1994,1994-01-29,2122,965,0.27,425,1174,,258,258,1994-01-29,425,166,,3296,,749,
GPS,1993,1993-01-30,1956,961,0.22,340,1005,,211,211,1993-01-30,340,129,,2960,,665,
GPS,1992,1992-02-01,1569,953,0.24,371,950,,230,230,1992-02-01,371,141,,2519,,579,
GPS,1991,1991-02-02,1241,945,0.15,237,693,,145,145,1991-02-02,237,92,,1934,,456,
GPS,1990,1990-02-03,1046,946,0.11,163,540,,98,98,1990-02-03,163,65,,1587,,378,
GPS,1989,1989-01-28,845,977,0.08,126,407,,74,74,1989-01-28,126,52,,1252,,281,
GPS,1988,1988-01-30,679,965,0.07,125,383,,70,70,1988-01-30,125,55,,1062,,258,
GPS,1987,1987-01-31,500,953,0.07,137,348,,68,68,1987-01-31,137,69,,848,,211,
GPS,1986,1986-02-01,413,923,0.04,68,234,,41,34,1986-02-01,68,33,,647,,166,
GPS,1985,1985-02-02,377,912,0.01,21,157,,12,12,1985-02-02,21,8,,534,,137,
GPS,1984,1984-01-28,324,912,0.02,42,157,,22,22,1984-01-28,42,20,,481,,115,
GRMN,2019,2019-12-28,1523.529,190.899,4.98948,945.586,2233.976,36.018,952.486,952.486,2019-12-28,987.222,34.736,605.366,3757.505,683.024,1288.3899999999999,5.618
GRMN,2018,2018-12-29,1367.725,189.734,3.65817,778.343,1979.719,39.531,694.08,694.08,2018-12-29,823.247,129.167,567.805,3347.444,633.571,1201.3760000000002,5.373
GRMN,2017,2017-12-30,1323.619,188.732,3.75669,683.637,1797.941,14.346,709.007,709.007,2017-12-30,697.071,-11.936,511.634,3121.56,602.67,1114.3039999999999,-0.912
GRMN,2016,2016-12-31,1357.272,189.343,2.73432,632.864,1688.525,1.755,517.724,517.724,2016-12-31,638.625,120.901,467.96,3045.797,587.701,1055.661,4.006
GRMN,2015,2015-12-26,1281.566,191.107,2.38729,549.581,1538.704,6.188,456.227,456.227,2015-12-26,567.187,110.96,427.043,2820.27,562.08,989.1229999999998,11.418
GRMN,2014,2014-12-27,1266.246,194.165,1.87578,690.626,1604.412,31.285,364.211,364.211,2014-12-27,723.745,359.534,395.121,2870.658,518.665,913.7860000000001,1.834
GRMN,2013,2013-12-28,1224.6,196.3,3.09,579.9,1407.3,70.8,612.4,612.4,2013-12-28,653.6,41.1,364.9,2631.9,468.3,827.3000000000002,2.8
GRMN,2012,2012-12-29,1277.2,196.2,2.76,604.2,1438.5,15.1,542.4,542.4,2012-12-29,624.5,82.1,325.8,2715.7,508.5,834.3,5.3
GRMN,2011,2011-12-31,1420,194.9,2.67,553.8,1338.6,20.7,520.9,520.9,2011-12-31,584.2,63.3,298.6,2758.6,486.2,784.8000000000002,9.7
GRMN,2010,2010-12-25,1343.5,198,3.45,636.7,1346.4,-67,584.6,584.6,2010-12-25,577.3,-7.3,277.3,2689.9,432.4,709.6999999999998,7.6
GRMN,2009,2009-12-26,1502.3,201.2,3.5,786,1444.1,20.2,704,704,2009-12-26,808.7,104.7,238.4,2946.4,419.7,658.1000000000001,2.4
GRMN,2008,2008-12-27,1940.6,210.7,3.48,862,1553.5,50.5,732.8,732.8,2008-12-27,914.4,181.5,206.1,3494.1,485.4,691.5,1.8
GRMN,2007,2007-12-29,1717.1,219.9,3.89,907.4,1463.3,69.9,855,855,2007-12-29,978.3,123.3,159.4,3180.3,396.5,555.9000000000001,1.1
GRMN,2006,2006-12-30,891.6,218.8,2.35,554.6,882.4,40.3,514.1,514.1,2006-12-30,594.6,80.4,113.3,1774,214.5,327.80000000000007,-0.3
GRMN,2005,2005-12-31,492.7,218.2,1.43,338.2,535.1,34.8,311.2,311.2,2005-12-31,372.6,61.4,74.9,1027.8,122,196.90000000000003,-0.4
GRMN,2004,2004-12-25,351.3,218.1,0.94,270.7,411.2,-15.4,205.7,205.7,2004-12-25,255.2,49.5,61.6,762.5,79,140.59999999999997,0
GRMN,2003,2003-12-27,242.4,217.8,0.82,227,330.5,0.2,178.6,178.6,2003-12-27,225.9,47.3,43.7,573,59.8,103.6,-1.3
GRMN,2002,2002-12-28,210.1,216.4,0.66,177.4,255.1,5.1,142.8,142.8,2002-12-28,182.7,39.9,32.2,465.1,45.5,77.6,0.1
GRMN,2001,2001-12-29,171,216.9,0.52,131.3,198.2,20.6,113.4,113.4,2001-12-29,152,38.6,28.2,369.1,38.7,66.80000000000001,0.2
GRMN,2000,2000-12-30,162,201,0.53,129.3,183.7,11.6,105.7,105.7,2000-12-30,140.9,35.3,21.8,345.7,32.7,54.400000000000006,0
GRMN,1999,1999-12-25,105.7,200,0.32,82.5,126.9,2.3,64.2,64.2,1999-12-25,84.1,20,17.3,232.6,27.1,44.39999999999999,-0.7
GRMN,1998,1998-12-26,82.8,199.2,0.18,46.7,86.2,0.8,35.2,35.2,1998-12-26,47.5,12.4,14.9,169,24.7,39.5,0
GRMN,1997,1997-12-31,93.6,176,0.21,36.9,66.7,11.7,36.1,36.1,1997-12-31,48.9,12.8,12.7,160.3,17.1,29.80000000000001,0.3
GRMN,1996,1996-12-31,77.6,176,0.13,30.2,58.3,,23,23,1996-12-31,31,7.9,10.4,135.9,17.7,28.10000000000001,0.8
GRMN,1995,1995-12-31,55.4,176,0.13,25.4,47,,23.1,23.1,1995-12-31,25.9,2.9,7.7,102.5,13.9,21.699999999999996,0.6
IT,2019,2019-12-31,1550.568,90.971,2.67175,368.012,2694.753,-102.293,233.29,233.29,2019-12-31,275.739,42.449,,4245.321,2103.424,2326.741,10.02
IT,2018,2018-12-31,1468.8,92.122,1.70387,305.162,2506.654,-134.608,122.456,117.056,2018-12-31,181.121,64.065,,3975.454,1884.141,2201.492,10.567
IT,2017,2017-12-31,1320.198,89.79,0.39238,-6.329,1991.296,-125.736,3.279,-56.321,2017-12-31,-127.817,-71.496,,3311.494,1616.604,1997.6249999999998,4.248
IT,2016,2016-12-31,945.648,83.82,2.65058,305.141,1498.892,-25.416,193.582,193.582,2016-12-31,288.431,94.849,,2444.54,1089.184,1193.7509999999997,8.706
IT,2015,2015-12-31,839.076,85.056,2.26349,287.997,1323.98,-20.7819,175.635,175.635,2015-12-31,272.211,96.576,,2163.056,962.677,1035.983,4.9959
IT,2014,2014-12-31,797.9,90.7,2.19,286.2,1223.5,-10.9,183.8,183.8,2014-12-31,274.7,90.9,,2021.4,876.1,937.4,-0.6
IT,2013,2013-12-31,713.5,94.8,1.93,275.5,1070.7,-8.8,182.8,182.8,2013-12-31,266.4,83.6,,1784.2,760.5,795.2,-0.2
IT,2012,2012-12-31,659.1,95.8,1.75,245.7,956.7,-8.9,165.9,165.9,2012-12-31,235.6,69.7,,1615.8,678.8,710.9999999999999,-1.3
IT,2011,2011-12-31,608.8,98.8,1.39,214.1,859.8,-10,136.9,136.9,2011-12-31,202.2,65.3,,1468.6,613.7,645.7,-1.9
IT,2010,2010-12-31,552.2,99.8,1.02,149.3,736.2,-15.6,96.3,96.3,2010-12-31,134.1,37.8,,1288.5,543.2,587,0.4
IT,2009,2009-12-31,498.4,97.5,0.87,134.5,641.4,-16,83,83,2009-12-31,115.5,32.6,,1139.8,477,506.9,-2.9
IT,2008,2008-12-31,554.8,99,0.98,164.4,724.2,-19.3,103.9,97.1,2008-12-31,144.7,47.6,,1279.1,532.4,559.9000000000001,-0.4
IT,2007,2007-12-31,545.3,108.3,0.68,133.1,643.9,-22.2,73.6,73.6,2007-12-31,114.2,40.6,,1189.2,475.3,510.79999999999995,3.2
IT,2006,2006-12-31,505.3,116.2,0.51,103.3,555,-16.6,58.2,58.2,2006-12-31,85.9,27.7,,1060.3,416.1,451.8,-0.8
IT,2005,2005-12-31,486.6,112.3,0.06,25.3,502.4,-16.9,-2.4,-2.4,2005-12-31,5.4,7.9,,989,397.3,477.1,-2.9
IT,2004,2004-12-31,434.5,126.3,0.14,42.7,459.3,-4.3,16.9,16.9,2004-12-31,34.5,17.6,,893.8,349.8,416.70000000000005,-3.9
IT,2003,2003-12-31,410.7,92.6,0.26,47.5,447.8,-12.4,23.7,23.7,2003-12-31,35.6,11.9,,858.4,333.3,400.3,0.5
IT,2002,2002-12-31,108.6,81.4,0.08,-12.9,121.2,-7,-14.4,-14.4,2002-12-31,-20,-5.6,,229.8,90.3,134.1,-0.1
IT,2001,2002-09-30,403.7,130.9,0.56,96.4,503.5,-22.6,48.6,48.6,2002-09-30,73.6,25,,907.2,345.4,407.09999999999997,-0.2
IT,2000,2001-09-30,439.6,85.9,0.35,42.5,512.4,-48.2,-66.2,-0.2,2001-09-30,-9.4,-9.2,,952,370.1,469.9,-3.7
IT,1999,2000-09-30,398.8,89.5,0.4,48.2,459.9,7.9,25.5,27.3,2000-09-30,56.1,28.8,,858.7,338,411.7,
IT,1998,1999-09-30,289.1,104.9,1.02,131,445.2,8.3,88.3,88.3,1999-09-30,139.2,51,,734.2,252.4,314.1,
IT,1997,1998-09-30,247.9,105.7,0.88,143.5,394,7.6,88.3,88.3,1998-09-30,151.1,62.8,,642,215.9,250.49999999999997,
IT,1996,1997-09-30,202.8,102.8,0.71,116.6,308.4,7.3,73.1,73.1,1997-09-30,123.9,50.7,,511.2,173.6,191.8,
IT,1995,1996-09-30,153,98.9,0.4,49.4,241.7,3.7,16.4,16.4,1996-09-30,53.1,36.7,,394.7,144.5,192.2,
IT,1994,1995-09-30,79.2,95.2,0.27,43.2,115.1,2.3,25.5,25.4,1995-09-30,45.5,20.1,,194.3,98.6,106.7,
IT,1993,1994-09-30,55.6,95.1,0.16,27.4,84.3,0,15,15,1994-09-30,27.4,12.4,,139.9,78.8,86,
IT,1992,1993-09-30,38.8,84.1,0.06,14.6,67.1,-2.4,6,6.8,1993-09-30,12.2,5.4,,105.8,62.8,69.10000000000001,
IT,1991,1992-09-30,34.1,55.6,-0.1,2,51,-5.5,-4.6,-4.6,1992-09-30,-3.5,1.1,,85.1,53.7,64.19999999999999,
IT,1990,1991-09-30,33.9,56.6,-0.18,-3.7,36.5,-5.2,-9.6,-9.6,1991-09-30,-8.9,0.7,,70.4,44.8,54.199999999999996,
IT,1989,1990-09-30,36.7,56.6,-0.28,-8.4,24.1,-7.6,-15.9,-15.9,1990-09-30,-15.9,0,,60.8,41.5,47,
IT,1988,1989-09-30,30.2,56.6,-0.14,-1.4,16.7,-6.6,-8,-8,1989-09-30,-8,0,,46.8,26.6,31.2,
GD,2019,2019-12-31,32291,290.836,11.97926,4648,7059,-460,3484,3484,2019-12-31,4202,718,,39350,2411,2411,14
GD,2018,2018-12-31,29478,299.16,11.3072,4427,6715,-356,3345,3358,2018-12-31,4085,727,,36193,2258,2288,14
GD,2017,2017-12-31,24731,304.637,9.94955,4236,6242,-103,2912,3031,2017-12-31,4077,1046,,30973,2006,2006,-56
GD,2016,2016-12-31,24896,310.387,8.63116,3744,5665,-91,2572,2679,2016-12-31,3656,977,,30561,1921,1921,3
GD,2015,2015-12-31,25549,326.652,9.29429,4295,6232,-83,3036,3036,2015-12-31,4219,1183,,31781,1937,1937,7
GD,2014,2014-12-31,24979,341,7.83,3889,5873,-86,2533,2673,2014-12-31,3802,1129,,30852,1984,1984,-1
GD,2013,2013-12-31,25454,353,7.03,3685,5764,-86,2357,2486,2013-12-31,3607,1121,,31218,2079,2079,8
GD,2012,2012-12-31,26410,353,2.73,833,5103,-156,-332,-332,2012-12-31,541,873,,31513,2276,4270,-136
GD,2011,2011-12-31,26821,368,6.94,3826,5856,-141,2526,2552,2011-12-31,3718,1166,,32677,2030,2030,33
GD,2010,2010-12-31,26557,385,6.82,3945,5909,-157,2624,2628,2010-12-31,3790,1162,,32466,1964,1964,2
GD,2009,2009-12-31,26352,388,6.21,3675,5629,-160,2394,2407,2009-12-31,3513,1106,,31981,1954,1954,-2
GD,2008,2008-12-31,23928,399,6.21,3653,5372,-66,2459,2478,2008-12-31,3604,1126,,29300,1719,1719,17
GD,2007,2007-12-31,22484,408,5.1,3113,4756,-70,2072,2080,2007-12-31,3047,967,,27240,1643,1643,4
GD,2006,2006-12-31,21438,407,4.2,2625,2625,-101,1856,1710,2006-12-31,2527,817,,24063,,0,3
GD,2005,2005-12-31,17724,405,3.63,2197,3520,-118,1461,1468,2005-12-31,2100,632,,21244,1323,1323,21
GD,2004,2004-12-31,16057,403,2.84,1882,3062,-148,1168,1144,2004-12-31,1726,582,,19119,1180,1180,-8
GD,2003,2003-12-31,14059,398,2.5,1467,2558,-98,1004,997,2003-12-31,1372,375,,16617,1091,1091,3
GD,2002,2002-12-31,11344,406,2.59,1582,2485,-45,917,1051,2002-12-31,1584,533,,13829,903,903,47
GD,2001,2001-12-31,9855,406,2.32,1485,2308,-56,943,943,2001-12-31,1424,481,,12163,823,823,-5
GD,2000,2000-12-31,8380,403,2.24,1329,1976,-60,901,901,2000-12-31,1262,361,,10356,647,647,-7
GD,1999,1999-12-31,7186,404,2.18,1203,1773,-34,880,880,1999-12-31,1126,246,,8959,570,570,-43
GD,1998,1998-12-31,4044,254,1.43,542,926,4,364,364,1998-12-31,549,185,,4970,384,384,3
GD,1997,1997-12-31,3282,253,1.25,446,780,36,316,316,1997-12-31,479,163,,4062,334,334,-3
GD,1996,1996-12-31,2953,254,1.06,353,628,55,270,270,1996-12-31,409,139,,3581,275,275,1
GD,1995,1995-12-31,2518,253,0.98,315,549,55,321,247,1995-12-31,375,128,,3067,234,234,5
GD,1994,1994-12-31,,254,0.88,321,,22,238,223,1994-12-31,343,120,,3058,,2737,0
GD,1993,1993-12-31,,253,1.07,309,,36,885,270,1993-12-31,413,143,,3187,,2878,68
GD,1992,1992-12-31,,302,0.82,175,,25,815,248,1992-12-31,227,-21,,3472,,3297,27
GD,1991,1991-12-31,,251,1.49,392,,-34,505,374,1991-12-31,331,-43,,8751,,8359,-27
GD,1990,1990-12-31,,250,-2.56,-811,,-63,-578,-639,1990-12-31,-988,-349,,10173,,10984,-114
GD,1989,1989-12-31,,336,0.87,584,,-84,293,293,1989-12-31,448,155,,10043,,9459,-52
GD,1988,1988-12-31,,342,1.11,522,,-48,379,379,1988-12-31,455,76,,9551,,9029,-19
GD,1987,1987-12-31,,341,1.28,635,,-41,437,437,1987-12-31,592,155,,9344,,8710,-1
GD,1986,1986-12-31,,342,0.62,244,,-55,-53,-63,1986-12-31,206,269,,8959,,8716,17
GD,1985,1985-12-31,,339,1.1,668,,-17,383,373,1985-12-31,654,282,,8164,,7496,4
GD,1984,1984-12-31,,378,1.01,663,,6,382,382,1984-12-31,684,302,,7839,,7176,14
GD,1983,1983-12-31,,430,0.67,501,,-10,287,287,1983-12-31,510,223,,7146,,6645,19
GE,2019,2019-12-31,72160,8724,0.28446,3470,23055,-269,-4979,425,2019-12-31,1149,724,,95215,12846,19585,-2052
GE,2018,2018-12-31,74700,8691,-0.741,-17537,22312,-1201,-22354,-20869,2018-12-31,-20987,-118,,97012,12515,39849,-2249
GE,2017,2017-12-31,76938,8687,-0.1927,-8470,22341,-944,-8484,-3837,2017-12-31,-11344,-7507,,99279,13057,30811,-1930
GE,2016,2016-12-31,89142,9130,0.58104,10223,30326,-896,7500,8164,2016-12-31,7031,-1133,,119468,16656,20103,-2296
GE,2015,2015-12-31,83994,9944,0.28214,8141,31164,-1052,-6126,1701,2015-12-31,8186,6485,,115158,17831,23023,1007
GE,2014,2014-12-31,89708,10123,1.48,17824,58103,-986,15233,15457,2014-12-31,17229,1772,,147811,14971,40279,264
GE,2013,2013-12-31,86408,10289,1.28,15669,56529,-734,13057,15475,2013-12-31,16151,676,,142937,16105,40860,886
GE,2012,2012-12-31,86007,10564,1.47,18217,61352,-811,13641,14902,2012-12-31,17406,2504,,147359,,43135,43135
GE,2011,2011-12-31,82123,10620,1.23,20798,65177,-700,14151,14366,2011-12-31,20098,5732,,147300,,44379,44379
GE,2010,2010-12-31,86637,10678,1.19,15267,63574,-1059,11644,13158,2010-12-31,14208,1050,,150211,,48307,48307
GE,2009,2009-12-31,93795,10615,1.03,11239,62988,-895,11025,11434,2009-12-31,10344,-1090,,156783,,51749,51749
GE,2008,2008-12-31,109981,10098,1.78,19141,72534,,17410,18089,2008-12-31,19141,1052,,182515,,53393,52752
GE,2007,2007-12-31,96912,10218,2.2,26598,75826,,22208,22468,2007-12-31,26598,4130,,172738,,49228,48312
GE,2006,2006-12-31,93396,10394,1.99,24620,69995,,20829,20666,2006-12-31,24620,3954,,163391,,45375,44467
GE,2005,2005-12-31,81952,10611,1.76,22718,68290,,16711,18633,2005-12-31,22718,4085,,150242,,45572,44586
GE,2004,2004-12-31,73795,10445,1.61,20480,79071,,16819,16819,2004-12-31,20480,3661,,152866,,58591,57663
GE,2003,2003-12-31,61638,10075,1.55,19904,71854,,15002,15589,2003-12-31,19904,4315,,133492,,52645,52355
GE,2002,2002-12-31,63072,10028,1.51,18891,68626,,14118,15133,2002-12-31,18891,3758,,131698,,49735,49409
GE,2001,2001-12-31,60159,10052,1.58,19701,65754,,13684,14128,2001-12-31,19701,5573,,125913,,46053,45705
GE,2000,2000-12-31,63543,10057,1.54,18446,66310,,12735,12735,2000-12-31,18446,5711,,129853,,47864,47437
GE,1999,1999-12-31,55971,9996,1.25,15577,55659,,10717,10717,1999-12-31,15577,4860,,111630,,40082,39717
GE,1998,1998-12-31,52033,9990,1.08,13477,48436,,9296,9296,1998-12-31,13477,4181,,100469,,34959,34694
GE,1997,1997-12-31,48472,10035,0.94,11179,42368,,8203,8203,1997-12-31,11179,2976,,90840,,31189,0
GE,1996,1996-12-31,40775,10139,0.82,10806,38404,,7280,7280,1996-12-31,10806,3526,,79179,,27598,0
GE,1995,1995-12-31,38256,10280,0.64,9737,31772,,6573,6573,1995-12-31,9737,3164,,70028,,22035,0
GE,1994,1994-12-31,33911,10373,0.57,8661,26198,,4726,5915,1994-12-31,8661,2746,,60109,,17537,0
GE,1993,1993-12-31,35903,10248,0.43,6575,24659,,4315,4424,1993-12-31,6575,2151,,60562,,18084,0
GE,1992,1992-12-31,35240,10286,0.42,6273,21833,,4725,4305,1992-12-31,6273,1968,,57073,,15560,0
GE,1991,1991-12-31,39976,10427,0.43,6436,20260,,2636,4435,1991-12-31,6436,2001,,60236,,13824,13752
GE,1990,1990-12-31,38776,10651,0.4,6147,19638,,4303,4303,1990-12-31,6147,1844,,58414,,13491,13409
GE,1989,1989-12-31,36964,10851,0.36,5703,17610,,3939,3939,1989-12-31,5703,1764,,54574,10209,11907,0
GE,1988,1988-12-31,33648,10821,0.31,4721,16441,,3386,3386,1988-12-31,4721,1335,,50089,10158,11720,0
GE,1987,1987-12-31,33561,10940,0.26,3227,14597,,2915,2119,1987-12-31,3227,1108,,48158,8696,11370,0
GE,1986,1986-12-31,28811,10951,0.25,3127,13374,,2492,2492,1986-12-31,3519,1027,,42185,8318,10075,392
GE,1985,1985-12-31,20135,10929,0.21,2541,8150,,2336,2336,1985-12-31,3528,1192,,28285,5597,5609,987
GE,1984,1984-12-31,19793,10888,0.21,2356,8154,,2280,2280,1984-12-31,3345,1065,,27947,5787,5798,989
GE,1983,1983-12-31,19071,10914,0.19,2115,7726,,2024,2024,1983-12-31,2999,975,,26797,5577,5611,884
GIS,2020,2020-05-31,11413.8,613.3,3.47528,3066.7,6212.8,-466.5,2181.2,2119.7,2020-05-31,2600.2,480.5,,17626.6,3175.9,3146.1000000000004,
GIS,2019,2019-05-26,11010.6,605.4,3.29898,2603.8,5854.6,-521.8,1752.7,1707,2019-05-26,2082,375,,16865.2,2918.9,3250.7999999999993,
GIS,2018,2018-05-27,10306.4,585.7,2.97504,2509.3,5434,-373.7,2131,1554.8,2018-05-27,2135.6,580.8,,15740.4,2827.3,2924.7000000000007,
GIS,2017,2017-05-28,9966.6,598,3.00733,2566.4,5653.2,-295.1,1657.5,1616.1,2017-05-28,2271.3,655.2,,15619.8,2888.8,3086.7999999999993,
GIS,2016,2016-05-29,10653.8,611.9,2.92988,2707.4,5909.3,-303.8,1697.4,1648.4,2016-05-29,2403.6,755.2,,16563.1,3114.8,3201.9000000000015,
GIS,2015,2015-05-31,11517.4,618.8,2.55988,2077.3,6112.9,-315.4,1221.3,1175.1,2015-05-31,1761.9,586.8,,17630.3,3283.4,4035.6000000000004,
GIS,2014,2014-05-25,11535,646,2.76,2957,6375,-302,1824,1772,2014-05-25,2655,883,,17910,3464,3417,
GIS,2013,2013-05-26,11343,666,2.81,2852,6432,-317,1855,1794,2013-05-26,2535,741,,17774,3576,3579,
GIS,2012,2012-05-27,10613,667,2.43,2562,6045,-352,1567,1501,2012-05-27,2211,710,,16658,3381,3483,
GIS,2011,2011-05-29,8927,665,2.69,2775,5954,-346,1798,1707,2011-05-29,2428,721,,14880,3192,3179,
GIS,2010,2010-05-30,8923,683,2.3,2566,5874,-362,1531,1433,2010-05-30,2205,771,,14797,3249,3308,
GIS,2009,2009-05-31,9458,687,1.85,2323,5234,-390,1304,1213,2009-05-31,1933,720,,14691,2960,2910,
GIS,2008,2008-05-25,8778,694,1.87,2228,4874,-422,1295,1184,2008-05-25,1806,622,,13652,2625,2646,
GIS,2007,2007-05-27,7955,720,1.62,2058,4487,-427,1144,1071,2007-05-27,1631,560,,12442,2390,2429,
GIS,2006,2006-05-28,6966,758,1.48,1966,4674,-399,1090,1026,2006-05-28,1567,541,,11640,2678,2708,
GIS,2005,2005-05-29,6834,818,1.22,2270,4410,-455,1240,1151,2005-05-29,1815,664,,11244,2418,2140,
GIS,2004,2004-05-30,6584,826,1.32,2017,4486,-508,1055,981,2004-05-30,1509,528,,11070,2443,2469,
GIS,2003,2003-05-25,6109,756,1.27,1863,4397,-547,917,856,2003-05-25,1316,460,,10506,2472,2534,
GIS,2002,2002-05-26,4767,684,0.85,1083,3182,-416,458,428,2002-05-26,667,239,,7949,1909,2099,
GIS,2001,2001-05-27,2841,584,1.1,1204,4237,-206,665,648,2001-05-27,998,350,,7078,3067,3032,
GIS,2000,2000-05-28,2698,615,1,1099,4003,-152,614,611,2000-05-28,947,336,,6700,2904,2903,
GIS,1999,1999-05-30,2594,629,0.9,966,3653,-119,535,543,1999-05-30,847,304,,6246,2635,2686,
GIS,1998,1998-05-31,2389,649,0.81,784,3644,-117,422,425,1998-05-31,667,242,,6033,2499,2860,
GIS,1997,1997-05-25,2328,646,0.74,811,3281,-101,445,452,1997-05-25,710,258,,5609,2239,2471,
GIS,1996,1996-05-26,2241,648,0.74,860,3175,-101,476,479,1996-05-26,759,279,,5416,2128,2315,
GIS,1995,1995-05-28,2123,632,0.59,521,2904,-101,367,266,1995-05-28,420,153,,5027,2008,2383,
GIS,1994,1994-05-29,4458,636,0.88,853,4059,-99,470,470,1994-05-29,753,284,,8517,2756,3206,
GIS,1993,1993-05-30,4298,652,0.78,918,3837,-74,506,506,1993-05-30,844,338,,8135,2645,2919,
GIS,1992,1992-05-31,4123,663,0.75,903,3655,-58,496,506,1992-05-31,845,339,,7778,2516,2752,
GIS,1991,1991-05-26,3722,658,0.71,827,3431,-61,473,464,1991-05-26,766,301,,7153,2386,2605,
GIS,1990,1990-05-27,3485,658,0.57,645,2963,-32,381,374,1990-05-27,613,239,,6448,2138,2318,
GIS,1989,1989-05-28,3115,656,0.48,545,2506,-28,262,315,1989-05-28,518,202,,5621,1809,1961,
GIS,1988,1988-05-29,2848,696,0.38,481,2331,-38,283,265,1988-05-29,443,177,,5179,1711,1850,
GIS,1987,1987-05-31,2834,710,0.31,466,2355,-33,222,222,1987-05-31,433,211,,5189,1756,1889,
GIS,1986,1986-05-25,2564,714,0.26,362,2023,-39,184,184,1986-05-25,324,140,,4587,1546,1660,
GIS,1985,1985-05-26,2475,715,0.22,256,1810,-60,-73,115,1985-05-26,196,81,,4285,1368,1554,
GIS,1984,1984-05-27,2433,750,0.23,376,1686,-19,233,203,1984-05-27,357,154,,4118,1264,1310,
GM,2019,2019-12-31,123265,1439,5.27862,5481,13972,1158,6732,6667,2019-12-31,7436,769,,137237,8491,8491,797
GM,2018,2018-12-31,132954,1431,6.99424,4445,14095,4104,8014,7875,2018-12-31,8549,674,,147049,9650,9650,
GM,2017,2017-12-31,127357,1465,5.62576,8661,18231,3202,-3864,7630,2017-12-31,11863,4233,,145588,9570,9570,
GM,2016,2016-12-31,130153,1570,6.33598,8686,19031,3322,9427,9269,2016-12-31,12008,2739,,149184,10345,10345,
GM,2015,2015-12-31,118299,1640,6.17802,5987,17426,2384,9687,9590,2015-12-31,8371,-1219,,135725,11888,11439,
GM,2014,2014-12-31,142121,1687,2.02,1732,13808,2442,3949,4018,2014-12-31,4246,228,,155929,12158,12076,72
GM,2013,2013-12-31,137373,1676,3.31,4919,18054,2343,5346,5331,2013-12-31,7458,2127,,155427,12382,13135,196
GM,2012,2012-12-31,141443,1675,15.7,-30613,10813,1274,6188,6136,2012-12-31,-28695,-34831,,152256,14031,41426,644
GM,2011,2011-12-31,131171,1668,4.43,5674,19105,3244,9190,9287,2011-12-31,9177,-110,,150276,12163,13431,259
GM,2010,2010-12-31,118920,1624,2.87,5304,16672,-352,6172,5065,2010-12-31,5737,672,,135592,11564,11368,785
GM,2009,2009-12-31,112130,925,24.03,106008,-7541,-3847,104821,104659,2009-12-31,102493,-2166,,104589,12359,-113549,332
GM,2008,2008-12-31,149257,579,-52.81,-21187,-1525,-8284,-30943,-31237,2008-12-31,-29471,1766,,147732,19050,20909,409
GM,2007,2007-12-31,165573,566,-75.5,-4309,12021,-2037,-38542,-43209,2007-12-31,-6346,36863,,177594,15959,18720,545
GPC,2019,2019-12-31,13076.036,146.417,5.66408,860,6316.269,-95.711,621.085,625.577,2019-12-31,830.3,204.723,,19392.305,4949.072,5456.269,66.011
GPC,2018,2018-12-31,12751.286,147.241,5.3619,1109.715,5983.787,-101.925,810.474,815.773,2018-12-31,1075.612,259.839,,18735.073,4632.437,4874.072,67.822
GPC,2017,2017-12-31,11402.403,147.701,4.52091,1019.639,4906.398,-41.486,616.757,667.743,2017-12-31,1009.268,341.525,,16308.801,3719.068,3886.759,31.115
GPC,2016,2016-12-31,10740.106,149.804,4.58759,1069.772,4599.607,-21.084,687.24,687.24,2016-12-31,1074.34,387.1,,15339.713,3382.348,3529.835000000001,25.652
GPC,2015,2015-12-31,10724.192,152.496,4.63,1124.414,4555.852,-21.662,705.672,705.672,2015-12-31,1123.681,418.009,,15280.044,3289.763,3431.438,20.929
GPC,2014,2014-12-31,10747.886,154.375,4.60752,1124.226,4593.761,-25.088,711.286,711.286,2014-12-31,1117.739,406.453,,15341.647,3321.222,3469.535,18.601
GPC,2013,2013-12-31,9858,156,4.4,1058,4220,-27,685,685,2013-12-31,1044,359,,14078,3028,3162,13
GPC,2012,2012-12-31,9236,156,4.14,1023,3778,-20,648,648,2012-12-31,1019,371,,13014,2656,2755,16
GPC,2011,2011-12-31,8853,158,3.58,909,3606,-27,565,565,2011-12-31,891,326,,12459,2608,2696,8
GPC,2010,2010-12-31,7955,158,3,786,3253,-28,476,476,2010-12-31,762,286,,11208,2377,2466,3
GPC,2009,2009-12-31,7048,160,2.5,671,3010,-28,400,400,2009-12-31,644,245,,10058,2248,2339,1
GPC,2008,2008-12-31,7743,163,2.92,800,3272,-32,475,475,2008-12-31,768,293,,11015,2384,2472,0
GPC,2007,2007-12-31,7626,170,2.98,838,3217,-31,506,506,2007-12-31,817,310,,10843,2292,2379,10
GPC,2006,2006-12-31,7182,172,2.76,797,3275,-32,475,475,2006-12-31,771,296,,10458,2405,2479,6
GPC,2005,2005-12-31,6719,175,2.5,709,3064,,437,437,2005-12-31,709,272,,9783,2355,2355,
GPC,2004,2004-12-31,6268,176,2.25,636,2830,,396,396,2004-12-31,636,240,,9097,2194,2193,
GPC,2003,2003-12-31,5827,174,2.03,572,2623,,334,354,2003-12-31,572,218,,8449,2051,2051,
GPC,2002,2002-12-31,5705,175,2.1,606,2554,,-28,368,2002-12-31,606,238,,8259,1948,1948,
GPC,2001,2001-12-31,5699,174,2.04,496,2521,,297,297,2001-12-31,496,199,,8221,1952,2026,
GPC,2000,2000-12-31,5764,175,2.26,647,2605,,385,385,2000-12-31,647,261,,8370,1959,1959,
GPC,1999,1999-12-31,5588,179,2.18,628,2394,,378,378,1999-12-31,628,250,,7982,1766,1766,
GPC,1998,1998-12-31,4612,180,2,589,2003,,356,356,1998-12-31,589,233,,6614,1413,1413,
GPC,1997,1997-12-31,4179,180,1.91,566,1827,,342,342,1997-12-31,566,223,,6005,1261,1261,
GPC,1996,1996-12-31,4003,182,1.82,545,1718,,330,330,1996-12-31,545,215,,5720,1172,1172,
GPC,1995,1995-12-31,3655,184,1.68,511,1607,,309,309,1995-12-31,511,202,,5262,1096,1096,
GPC,1994,1994-12-31,3344,186,1.55,475,1515,,289,289,1994-12-31,475,186,,4858,1040,1040,
GPC,1993,1993-12-31,3023,186,1.39,426,1361,,259,259,1993-12-31,426,167,,4384,935,935,
GPC,1992,1992-12-31,2529,186,1.18,354,1140,,220,220,1992-12-31,354,134,,3669,786,786,
GPC,1991,1991-12-31,2374,186,1.12,335,1061,,208,208,1991-12-31,335,127,,3435,726,726,
GPC,1990,1990-12-31,2295,174,1.19,333,1025,,207,207,1990-12-31,333,127,,3319,691,691,
GPC,1989,1989-12-31,2195,174,1.14,322,966,,199,199,1989-12-31,322,122,,3161,644,644,
GPC,1988,1988-12-31,2054,174,1.04,290,888,,181,181,1988-12-31,290,109,,2942,598,598,
GPC,1987,1987-12-31,1818,177,0.84,262,788,,148,148,1987-12-31,262,114,,2606,526,526,
GPC,1986,1986-12-31,1673,180,0.68,241,721,,122,122,1986-12-31,241,119,,2394,481,481,
GPC,1985,1985-12-31,1592,182,0.66,236,687,,120,120,1985-12-31,236,116,,2279,451,451,
GPC,1984,1984-12-31,1629,183,0.65,235,674,,120,120,1984-12-31,235,115,,2304,440,440,
GPC,1983,1983-12-31,1467,183,0.57,201,601,,104,104,1983-12-31,201,97,,2068,400,400,
GILD,2019,2019-12-31,4675,1277,4.30525,4287,17774,227,5386,5364,2019-12-31,5160,-204,8934,22449,4381,13487,646
GILD,2018,2018-12-31,4853,1308,4.26568,8200,17274,-964,5455,5464,2018-12-31,7799,2335,4846,22127,4056,9074,563
GILD,2017,2017-12-31,4371,1319,7.82584,14124,21736,-1190,4628,10136,2017-12-31,13529,3393,3512,26107,3830,7612,595
GILD,2016,2016-12-31,4261,1358,10.42516,17633,26129,-790,13501,13488,2016-12-31,17097,3609,4266,30390,3398,8496,254
GILD,2015,2015-12-31,4006,1521,11.90313,22193,28633,-558,18108,18106,2015-12-31,21659,3553,3018,32639,3426,6440,24
GILD,2014,2014-12-31,3788,1647,7.4,15265,21102,-284,12101,12059,2014-12-31,14856,2797,2737,24890,2983,5837,-125
GILD,2013,2013-12-31,2859,1695,1.84,4524,8343,-322,3075,3057,2013-12-31,4208,1151,2056,11202,1694,3819,6
GILD,2012,2012-12-31,2471,1583,1.64,4010,7231,-370,2592,2574,2012-12-31,3612,1038,1760,9703,1461,3221,-28
GILD,2011,2011-12-31,2124,1580,1.81,3790,6261,-205,2804,2789,2011-12-31,3651,862,1192,8385,1205,2472,67
GILD,2010,2010-12-31,1870,1747,1.74,3962,6080,-109,2901,2890,2010-12-31,3914,1024,923,7949,1018,2117,60
GILD,2009,2009-12-31,1596,1868,1.44,3529,5416,-70,2636,2626,2009-12-31,3502,876,914,7011,912,1886,42
GILD,2008,2008-12-31,1127,1918,1.04,2679,4209,-65,1979,1970,2008-12-31,2673,702,722,5336,797,1530,59
GILD,2007,2007-12-31,769,1929,0.82,2165,3461,-63,1585,1576,2007-12-31,2211,635,591,4230,706,1297,110
GILD,2006,2006-12-31,433,1836,0.2,-759,2593,-14,-1190,-1190,2006-12-31,-638,552,384,3026,574,3352,135
GILD,2005,2005-12-31,260,1897,0.43,1111,1768,4,814,814,2005-12-31,1162,348,278,2028,379,657,47
GILD,2004,2004-12-31,167,1857,0.25,627,1158,6,449,449,2004-12-31,656,207,224,1325,307,530,23
GILD,2003,2003-12-31,113,1609,0.16,-159,755,-22,-72,-72,2003-12-31,-168,-96,182,868,233,914,13
GILD,2002,2002-12-31,70,1652,0.04,81,397,-30,72,72,2002-12-31,73,1,142,467,174,316,22
GILD,2001,2001-12-31,44,1619,-0.03,-121,190,-5,52,53,2001-12-31,57,4,186,234,125,310,26
GILD,2000,2000-12-31,34,1457,-0.03,-52,162,-4,-57,-40,2000-12-31,-39,1,132,196,82,214,18
GILD,1999,1999-12-31,30,1370,-0.05,-71,139,-7,-66,-62,1999-12-31,-61,1,111,169,99,210,16
GILD,1998,1998-12-31,23,1312,-0.05,-80,128,-7,-45,-44,1998-12-31,-43,1,125,151,82,208,22
GILD,1997,1997-12-31,22,1262,-0.05,-88,111,-5,-73,-73,1997-12-31,-73,0,112,132,71,198,21
GILD,1996,1996-12-31,1,889,-0.02,-36,33,-1,-22,-22,1996-12-31,-22,0,42,33,27,68,15
GILD,1995,1995-12-31,0,681,-0.04,-32,3,-1,-27,-27,1995-12-31,-27,0,26,3,9,35,5
GILD,1994,1995-03-31,0,607,-0.05,-35,5,-1,-31,-31,1995-03-31,-31,0,30,5,10,40,5
GILD,1993,1994-03-31,0,601,-0.04,-30,4,0,-26,-26,1994-03-31,-26,0,26,4,8,34,4
GILD,1992,1993-03-31,0,514,-0.03,-18,4,0,-14,-14,1993-03-31,-14,0,18,4,4,22,4
GILD,1991,1992-03-31,0,358,-0.01,-6,3,0,-5,-5,1992-03-31,-5,0,7,3,2,9,2
GILD,1990,1991-03-31,0,319,-0.01,-5,1,0,-4,-4,1991-03-31,-4,0,5,1,1,6,1
GPN,2019,2019-12-31,2017.103,199.134,3.29186,791.417,2894.789,-269.787,430.613,455.735,2019-12-31,517.925,62.19,,4911.892,1847.772,2103.3720000000003,-3.705
GPN,2018,2018-12-31,1095.014,159.271,2.98105,737.055,2271.352,-179.573,452.053,461.367,2018-12-31,562.155,100.788,,3366.366,1478.197,1534.2970000000003,4.673
GPN,2017,2017-12-31,1928.037,155.528,1.99144,558.868,2047.126,-166.185,468.425,335.37,2017-12-31,392.683,57.313,,3975.163,1488.258,1488.258,
GPN,2016,2016-12-31,1094.593,154.231,0.81003,237.951,1108.303,-64.607,124.931,137.683,2016-12-31,173.344,35.661,,2202.896,870.352,870.3519999999999,
GPN,2015,2016-05-31,1147.639,133.167,2.04004,424.944,1750.511,-64.032,271.666,290.217,2016-05-31,360.912,70.695,,2898.15,1325.567,1325.5670000000002,
GPN,2014,2015-05-31,1022.1,134.9,2.06,456.6,1751.6,-39.5,278,309.1,2015-05-31,417.1,108,,2773.7,1295,1295,0
GPN,2013,2014-05-31,952.2,145.4,1.68,407.6,1602,-30.2,245.3,270,2014-05-31,377.4,107.4,,2554.2,1203.5,1194.3999999999999,-7
GPN,2012,2013-05-31,862.1,156.5,1.38,357.2,1513.8,-22.9,216.1,238.7,2013-05-31,334.3,95.6,,2375.9,1119.9,1156.6,36.8
GPN,2011,2012-05-31,784.8,158.9,1.18,307.3,1419.1,-6.9,188.2,217.6,2012-05-31,300.4,82.9,,2203.8,1027.3,1111.7,84.4
GPN,2010,2011-05-31,665,161,1.31,331.6,1194.8,-7.4,209.2,229.1,2011-05-31,324.2,95.1,,1859.8,863.2,863.2,0
GPN,2009,2010-05-31,584.6,164.2,1.26,323.3,1057.9,-12.9,203.3,223,2010-05-31,310.4,87.4,,1642.5,734.6,734.6,0
GPN,2008,2009-05-31,598.8,162,0.65,161.4,1002.7,0,37.2,74.2,2009-05-31,161.4,87.2,,1601.5,693.6,841.3,
GPN,2007,2008-05-31,475.6,162,1.01,251.4,798.6,10,162.8,170.8,2008-05-31,261.4,90.6,,1274.2,545.9,547.3,
GPN,2006,2007-05-31,414.8,163.6,0.89,218.1,646.7,8.2,143,152.9,2007-05-31,226.3,73.4,,1061.5,425.5,428.59999999999997,
GPN,2005,2006-05-31,358,164.3,0.77,201.1,550,0.4,125.5,134,2006-05-31,201.5,67.5,,908.1,347.1,349,
GPN,2004,2005-05-31,337.3,159.5,0.6,160.1,447.1,-6.2,92.9,100.6,2005-05-31,153.9,53.3,,784.3,283.2,286.90000000000003,
GPN,2003,2004-05-31,289.4,155.8,0.44,112.9,340,-13.2,62.4,62.4,2004-05-31,99.7,37.3,,629.3,217.4,227,
GPN,2002,2003-05-31,260.3,151.3,0.36,93.3,255.8,-8.1,53.3,53.3,2003-05-31,85.1,31.8,,516.1,161.3,162.5,
GPN,2001,2002-05-31,252.1,146.4,0.32,71.4,210.7,-7,23.8,39.8,2002-05-31,64.5,24.6,,462.8,128.3,139.29999999999998,
GPN,2000,2001-05-31,192.4,115.7,0.23,53,160.8,-14.6,23.7,23.7,2001-05-31,38.5,14.8,,353.2,102.9,107.70000000000002,
GPN,1999,2000-05-31,181.5,106.3,0.31,63.2,158.6,-9.4,33,33,2000-05-31,53.8,20.7,,340,95.3,95.30000000000001,
GPN,1998,1999-05-31,169.8,107.9,0.38,76.7,160.2,-10.1,41.3,41.3,1999-05-31,66.6,25.3,,330.1,83.6,83.6,
GPN,1997,1998-05-31,153.5,103,0.3,58,138,-7.4,31.1,31.1,1998-05-31,50.6,19.5,,291.5,80.1,80.1,
GL,2019,2019-12-31,,111.38125,6.97103,1015.585,,-84.306,760.79,760.882,2019-12-31,931.279,170.397,,,285.138,3511.947,
GL,2018,2018-12-31,,115.24895,6.16993,953.747,,-90.076,701.466,700.712,2018-12-31,863.671,162.959,,,265.23,3350.004,
GL,2017,2017-12-31,,118.98349,4.93671,915.18,,-84.532,1454.494,581.263,2017-12-31,830.648,249.385,,,248.503,3240.393,
GL,2016,2016-12-31,,122.36779,4.45698,855.58,,-83.345,549.779,539.59,2016-12-31,772.235,232.645,,,223.21,3079.049,
GL,2015,2015-12-31,,126.75724,4.1116,842.829,,-76.642,527.1,516.293,2015-12-31,766.187,249.894,,,216.613,2923.236,
GL,2014,2014-12-31,,132.6,4.16,854.6,,-76.1,542.9,542.9,2014-12-31,778.5,235.5,,,209.8,3109.7,
GL,2013,2013-12-31,,139.6,3.85,844.1,,-80.5,529,529,2013-12-31,763.6,234.7,,,204.4,2930.5,
GL,2012,2012-12-31,,146.8,3.67,846.5,,-80.5,529.3,529.3,2012-12-31,766,236.7,,,390.5,2748.6,
GL,2011,2011-12-31,,164.7,3.24,833.6,,-77.9,517.9,518.3,2011-12-31,755.7,237.3,,,303.3,2543.8,
GL,2010,2010-12-31,,184.7,2.87,854.1,,-75.5,517.1,522.3,2010-12-31,778.6,256.3,,,294.9,2518.4,
GL,2009,2009-12-31,,186.8,2.85,674.9,,-69.7,405,405,2009-12-31,605.2,200.2,,,296.2,2728.7,
GL,2008,2008-12-31,,199.2,2.68,724.2,,-63,452.3,452.3,2008-12-31,661.3,209,,,317.8,2709.8,
GL,2007,2007-12-31,,215.7,2.52,864.1,,-67.3,527.5,527.5,2007-12-31,796.8,269.3,,,316.4,2633.8,
GL,2006,2006-12-31,,227.5,2.3,846.7,,-73.1,518.6,518.6,2006-12-31,773.6,254.9,,,326.8,2574.5,
GL,2005,2005-12-31,,237.9,2.08,792.5,,-60.9,495.4,495.4,2005-12-31,731.5,236.1,,,322.3,2333.5,
GL,2004,2004-12-31,,251.8,1.89,777.3,,-56.5,468.6,475.7,2004-12-31,720.8,245.1,,,301.3,2294.2,
GL,2003,2003-12-31,,259.6,1.66,708.9,,-50,433.9,433.9,2003-12-31,658.9,225,,,309.9,2221.8,
GL,2002,2002-12-31,,271.5,1.41,612.9,,-28.6,387.3,387.3,2002-12-31,584.3,197,,,303.5,2125.1,
GL,2001,2001-12-31,,283.2,1.45,645.9,,-44.5,361,395.5,2001-12-31,601.4,206,,,292.6,2061.1,
GL,2000,2000-12-31,,288.8,1.32,617.4,,-54.5,372.3,372.1,2000-12-31,563,190.8,,,272.1,1898.4,
GL,1999,1999-12-31,,301.5,0.93,454.7,,-52.3,283.1,268.1,1999-12-31,402.4,134.3,,,275.7,1772.1,
GL,1998,1998-12-31,,318,0.87,503.3,,-56.3,254.2,292.7,1998-12-31,447,154.3,,,261.2,1654.6,
GL,1997,1997-12-31,,318.2,1.14,581.3,,-71.9,347.6,330.9,1997-12-31,509.4,178.5,,,352.6,1701.2,0
GL,1996,1996-12-31,,323.5,1.06,568.7,,-73.6,321,314.5,1996-12-31,495.1,180.6,,,345.2,1637.1,0
GL,1995,1995-12-31,,324.5,0.91,509.2,,-81,153.6,270.6,1995-12-31,428.2,157.5,,,329.9,1558.3,0
GL,1994,1994-12-31,,324.4,1.38,463.3,,-76.4,271.1,262.6,1994-12-31,386.9,124.3,,,343.7,1459.3,0
GL,1993,1993-12-31,,330.8,1.4,590.7,,-67.3,298,288.3,1993-12-31,441.4,153.1,,,394.7,1586.2,-82
GL,1992,1992-12-31,,329.6,0.8,473.5,,-55.7,265.5,277,1992-12-31,417.9,140.8,,,423.3,1572.3,0
GL,1991,1991-12-31,,345.3,0.7,538.3,,-157.5,246.5,255.3,1991-12-31,380.8,125.4,,,268.1,1369.2,0
GL,1990,1990-12-31,,350.8,0.63,515.4,,-162.8,229.3,238.2,1990-12-31,352.6,114.4,,,245.5,1271.7,0
GL,1989,1989-12-31,,353.9,0.58,372.2,,-48.1,211.3,218.9,1989-12-31,324.1,105.2,,,343.5,1261.3,0
GL,1988,1988-12-31,,1080,0.16,322.8,,-40.8,185.2,188.5,1988-12-31,282,93.5,,,335.5,1346.9,0
GL,1987,1987-12-31,,443.9,0.44,345.5,,-32.3,193,205.6,1987-12-31,313.3,107.7,,,342.3,1174.3,0
GL,1986,1986-12-31,,491.8,0.4,251,,-20.9,205.7,204.8,1986-12-31,230,25.2,,,455.3,1420.1,0
GL,1985,1985-12-31,,482.5,0.33,241,,-16,167.4,158.9,1985-12-31,225.1,66.2,,,310.3,1120.7,0
GL,1984,1984-12-31,,503.3,0.24,189.1,,-9.3,131.9,162.1,1984-12-31,219,56.9,,,270.3,937.9,39.2
GL,1983,1983-12-31,,509.9,0.2,138.4,,-14,101.1,93.3,1983-12-31,124.4,31.1,,,232.7,800,0
GS,2019,2019-12-31,20628,375.5,23.67231,10583,34284,,8466,8466,2019-12-31,10583,2117,,54912,16604,23701,
GS,2018,2018-12-31,19112,390.2,25.74919,12481,34070,,10459,9972,2018-12-31,12481,2509,,53182,16114,21589,
GS,2017,2017-12-31,13057,409.1,20.12147,11132,30428,,4286,8686,2017-12-31,11132,2446,,43485,15036,19296,
GS,2016,2016-12-31,9927,435.1,16.94166,10304,28105,,7398,7398,2016-12-31,10304,2906,,38032,14583,17801,
GS,2015,2015-12-31,7964,458.6,18.35638,8778,31431,,6083,6083,2015-12-31,8778,2695,,39395,15776,22653,
GS,2014,2014-12-31,8058,473,18.69,12357,32027,,8477,8477,2014-12-31,12357,3880,,40085,15747,19670,
GS,2013,2013-12-31,9009,500,16.42,11737,31865,,8040,8040,2013-12-31,11737,3697,,40874,15863,20128,
GS,2012,2012-12-31,9709,516,14.6,11207,31955,,7475,7475,2012-12-31,11207,3732,,41664,16568,20748,
GS,2011,2011-12-31,10445,557,5.09,6169,26348,,4442,4442,2011-12-31,6169,1727,,36793,16228,20179,
GS,2010,2010-12-31,9087,585,15.27,12892,36880,,8354,8354,2010-12-31,12892,4538,,45967,19048,23988,
GS,2009,2009-12-31,8798,551,22.94,19829,42875,,13385,13385,2009-12-31,19829,6444,,51673,18811,23046,
GS,2008,2008-12-26,1167,486,-2.12,-1258,18,,-780,-780,2008-12-26,-1258,-478,,1185,962,1276,
GS,2007,2008-11-28,34355,456,5.07,2336,19224,,2322,2322,2008-11-28,2336,14,,53579,13917,16888,
GS,2006,2007-11-30,45074,461,24.73,17604,42894,,11599,11599,2007-11-30,17604,6005,,87968,23145,25290,
GS,2005,2006-11-24,34079,477,19.69,14560,35274,,9537,9537,2006-11-24,14560,5023,,69353,18888,20714,
GS,2004,2005-11-25,19718,500,11.21,8273,23673,,5626,5626,2005-11-25,8273,2647,,43391,13759,15400,
GS,2003,2004-11-26,10241,511,8.92,6676,19598,,4553,4553,2004-11-26,6676,2123,,29839,11471,12922,
GS,2002,2003-11-28,8440,512,6.12,4445,15183,,3005,3005,2003-11-28,4445,1440,,23623,9232,10738,
GS,2001,2002-11-29,9720,525,4.03,3253,13134,,2114,2114,2002-11-29,3253,1139,,22854,9137,9881,
GS,2000,2001-11-30,16170,542,4.53,3696,14968,,2310,2310,2001-11-30,3696,1386,,31138,10399,11272,
GS,1999,2000-11-24,16983,512,6.08,5020,16017,,3067,3067,2000-11-24,5020,1953,,33000,10511,10997,
GS,1998,1999-11-26,12464,486,5.6,1992,12899,,2708,2708,1999-11-26,1992,-716,,25363,10370,10907,
GS,1997,1998-11-27,14382,428,5.67,2921,8096,,2428,2428,1998-11-27,2921,493,,22478,4933,5175,
GS,1996,1997-11-28,13343,428,6.42,3014,7090,,2746,2746,1997-11-28,3014,268,,20433,3898,4076,
GS,1995,1996-11-26,11438,428,5.61,2606,5851,,2399,2399,1996-11-26,2606,207,,17289,3073,3245,
GS,1994,1995-11-28,9841,428,3.2,1368,4483,,1368,1368,1995-11-28,1368,,,14324,2005,3115,
GS,1993,1994-11-28,8915,428,1.19,508,3537,,508,508,1994-11-28,508,,,12452,1789,3029,
GWW,2019,2019-12-31,7089,54.7,18.13528,1262,4397,-79,849,895,2019-12-31,1209,314,,11486,2931,3135,26
GWW,2018,2018-12-31,6873,56.5,17.41593,1158,4348,-82,782,823,2018-12-31,1081,258,,11221,2912,3190,5
GWW,2017,2017-12-31,6327,58,11.37651,1035,4098,-86,586,620,2017-12-31,936,316,,10425,2858,3063,-13
GWW,2016,2016-12-31,6022.647,60.83993,9.87052,1119.497,4114.557,-96.808,605.928,632.838,2016-12-31,1019.058,386.22,,10137.204,2995.06,2995.0600000000004,-3.631
GWW,2015,2015-12-31,5741.956,65.76512,11.5788,1300.32,4231.428,-44.145,768.996,785.174,2015-12-31,1250.705,465.531,,9973.384,2931.108,2931.108,-5.47
GWW,2014,2014-12-31,5650.711,69.20574,11.4471,1347.117,4314.242,-8.025,801.729,812.296,2014-12-31,1334.386,522.09,,9964.953,2967.125,2967.124999999999,-4.706
GWW,2013,2013-12-31,5301,71,11.44,1297,4136,-10,797,808,2013-12-31,1288,480,,9438,2840,2840,1
GWW,2012,2012-12-31,5034,71,10.11,1131,3916,-13,690,699,2012-12-31,1118,419,,8950,2783,2785,0
GWW,2011,2011-12-31,4567,71,9,1052,3511,-7,658,666,2011-12-31,1052,385,,8078,2458,2459,-2
GWW,2010,2010-12-31,4176,72,6.93,860,3006,-7,511,514,2010-12-31,854,340,,7182,2145,2146,0
GWW,2009,2009-12-31,3623,75,5.23,713,2599,-6,430,431,2009-12-31,707,277,,6222,1933,1886,1
GWW,2008,2008-12-31,4042,79,6.08,777,2808,-6,475,475,2008-12-31,773,298,,6850,2026,2031,2
GWW,2007,2007-12-31,3814,85,4.94,671,2604,11,420,420,2007-12-31,682,262,,6418,1933,1933,0
GWW,2006,2006-12-31,3530,91,4.22,578,2354,23,383,383,2006-12-31,603,220,,5884,1776,1776,0
GWW,2005,2005-12-31,3365,92,3.78,519,2162,14,346,346,2005-12-31,533,186,,5527,1643,1643,0
GWW,2004,2004-12-31,3143,92,3.11,440,1907,3,287,287,2004-12-31,445,158,,5050,1467,1467,0
GWW,2003,2003-12-31,3029,92,2.48,385,1638,-5,227,227,2003-12-31,381,154,,4667,1251,1253,1
GWW,2002,2002-12-31,3046,94,2.48,390,1598,3,212,235,2002-12-31,398,162,,4644,1207,1208,0
GWW,2001,2001-12-31,3165,95,2.27,318,1589,-15,175,175,2001-12-31,297,123,,4754,1212,1271,-6
GWW,2000,2000-12-31,3392,94,2.14,335,1585,-33,193,193,2000-12-31,332,139,,4977,1250,1250,30
GWW,1999,1999-12-31,2881,94,2.09,317,1653,-14,181,181,1999-12-31,304,123,,4534,1335,1336,1
GWW,1998,1998-12-31,2744,98,2.6,408,1598,-5,239,239,1998-12-31,401,162,,4341,1190,1189,-2
GWW,1997,1997-12-31,2642,102,2.43,393,1494,-3,232,232,1997-12-31,390,158,,4137,1101,1101,-1
GWW,1996,1996-12-31,2270,103,2.14,346,1267,3,209,209,1996-12-31,349,140,,3537,922,922,0
GWW,1995,1995-12-31,2096,102,1.95,316,1181,-4,187,187,1995-12-31,312,125,,3277,865,865,0
GWW,1994,1994-12-31,1951,102,1.54,232,1072,-2,128,128,1994-12-31,229,101,,3023,787,841,-1
GWW,1993,1993-12-31,1654,104,1.44,252,975,-2,148,149,1993-12-31,250,101,,2628,722,722,0
GWW,1992,1992-12-31,1505,107,1.29,228,860,-2,137,137,1992-12-31,227,90,,2364,631,631,1
GWW,1991,1991-12-31,1349,108,1.18,204,729,-2,128,128,1991-12-31,209,82,,2077,524,524,7
GWW,1990,1990-12-31,1259,110,1.15,204,676,-2,127,127,1990-12-31,208,82,,1935,472,472,6
GWW,1989,1989-12-31,1126,109,1.1,191,602,-1,120,120,1989-12-31,197,77,,1727,411,410,7
GWW,1988,1988-12-31,1006,111,0.98,178,530,-2,109,109,1988-12-31,180,71,,1535,352,352,3
GWW,1987,1987-12-31,871,115,0.78,157,450,-3,91,91,1987-12-31,162,72,,1321,292,292,8
GWW,1986,1986-12-31,773,116,0.64,129,386,-3,86,75,1986-12-31,141,66,,1160,257,257,14
GWW,1985,1985-12-31,733,116,0.58,131,359,-3,72,68,1985-12-31,133,65,,1092,228,228,4
GWW,1984,1984-12-31,707,116,0.59,134,352,-4,69,69,1984-12-31,134,65,,1059,218,219,5
GWW,1983,1983-12-31,588,116,0.45,98,292,-1,52,52,1983-12-31,100,48,,880,194,194,3
HRB,2020,2020-04-30,1712.276,196.701,0.37833,77.083,927.444,-82.063,-7.526,6.156,2020-04-30,-3.374,-9.53,,2639.72,744.361,850.3610000000001,1.606
HRB,2019,2019-04-30,1756.922,206.724,2.14884,615.792,1337.959,-70.772,422.509,445.256,2019-04-30,545.16,99.904,,3094.881,722.167,722.1669999999999,0.14
HRB,2018,2018-04-30,1739.729,210.213,2.97516,752.05,1420.202,-82.676,613.149,626.909,2018-04-30,668.732,41.823,,3159.931,668.152,668.1519999999998,-0.642
HRB,2017,2017-04-30,1591.601,214.095,1.95972,715.984,1444.713,-92.764,408.945,420.917,2017-04-30,629.287,208.37,,3036.314,666.35,728.7289999999998,6.067
HRB,2016,2016-04-30,1610.157,250.818,1.5484,630.692,1427.996,-68.221,374.267,383.553,2016-04-30,569.479,185.926,,3038.153,737.113,797.3039999999999,7.008
HRB,2015,2015-04-30,1555.497,277.136,1.75853,794.666,1523.161,-45.246,473.663,486.744,2015-04-30,742.805,256.061,,3078.658,680.552,728.4950000000001,-6.615
HRB,2014,2014-04-30,1490.3,276,1.8,763.2,1534,,475.2,500.1,2014-04-30,767.1,267,,3024.3,691.1,770.8,3.9
HRB,2013,2013-04-30,1434.1,274.4,1.71,696.7,1471.8,,433.9,465.2,2013-04-30,702,236.9,,2905.9,695.2,775.2000000000003,5.3
HRB,2012,2012-04-30,1517.4,298.6,1.17,658.4,1376.3,-92.1,265.9,346,2012-04-30,576.1,230.1,,2893.8,710.5,718,9.8
HRB,2011,2011-04-30,2414.6,309.8,1.52,665.6,1359.7,,406.1,419.4,2011-04-30,677,257.6,,3774.3,694.1,694.0999999999999,11.5
HRB,2010,2010-04-30,2468,333.2,1.54,774.8,1406.3,,479.2,488.9,2010-04-30,784.1,295.2,,3874.3,631.5,631.5,9.3
HRB,2009,2009-04-30,2596.2,334.5,1.54,838.9,1487.4,-1.7,485.7,513.1,2009-04-30,839.4,326.3,,4083.6,648.5,648.5,2.2
HRB,2008,2008-04-30,2802.6,327.5,1.39,719.4,1601.3,-2,-308.6,454.5,2008-04-30,745.2,290.7,,4403.9,881.9,881.8000000000002,27.8
HRB,2007,2007-04-30,2508.5,326.2,1.15,659.9,1512.8,-46.9,-433.7,374.3,2007-04-30,635.8,261.5,,4021.3,853,852.9000000000001,22.9
HRB,2006,2006-04-30,2906.3,333.2,1.47,853.9,1966.5,-49.1,490.4,490.4,2006-04-30,827.4,337,,4872.8,1112.6,1112.6,22.5
HRB,2005,2005-04-30,2415.6,337.6,1.85,1052.3,2004.4,-62.4,623.9,623.9,2005-04-30,1017.7,393.8,,4420,952.1,952.2000000000003,27.8
HRB,2004,2004-04-30,2689.2,361.6,1.95,1238.9,1499.9,-84.6,697.9,704.3,2004-04-30,1164.2,459.9,,4189.1,277.5,277.5,9.9
HRB,2003,2003-04-30,2340.8,368.2,1.8,1072.9,1426.3,-92.6,580.1,580.1,2003-04-30,987.1,407,,3767.1,288.7,366.0999999999999,6.8
HRB,2002,2002-04-30,2177.9,376.7,1.15,831.6,1110.4,-113,434.4,434.4,2002-04-30,716.8,282.4,,3288.3,308.2,308.2999999999997,-1.7
HRB,2001,2001-04-30,1995.5,370.3,0.75,707.6,964.4,-236.6,281.2,276.7,2001-04-30,473.1,196.3,,2960,298.4,298.5,2
HRB,2000,2000-04-30,1637.8,395.7,0.64,557.1,696.1,-145.2,251.9,251.9,2000-04-30,412.3,160.4,,2334,257,257,0.3
HRB,1999,1999-04-30,1001.4,403.3,0.67,424.4,620.4,-37.1,215.4,237.8,1999-04-30,383.5,145.7,,1621.8,218.9,218.89999999999998,-3.8
HRB,1998,1998-04-30,683.5,430.3,0.45,308.2,615.3,-26.7,392.1,174.2,1998-04-30,280.9,106.7,,1298.8,315.1,315.1,-0.7
HRB,1997,1997-04-30,597.1,423.4,0.35,214.2,488.9,10.9,143.8,143.8,1997-04-30,225.1,81.3,,1086,286.2,286.19999999999993,0
HRB,1996,1996-04-30,920.6,424.2,0.44,285.3,722.3,,177.2,177.2,1996-04-30,285.3,108.1,,1642.8,473.7,473.69999999999993,
HRB,1995,1995-04-30,738,423.5,0.46,220,588.2,,107.3,107.3,1995-04-30,220,112.7,,1326.3,318.8,402.29999999999995,
HRB,1994,1994-04-30,646.8,427.1,0.44,283.2,568.6,,200.5,164,1994-04-30,283.2,119.2,,1215.3,283.7,308.70000000000005,
HRB,1993,1993-04-30,974.8,430.6,0.42,295.3,520,0,180.7,180.7,1993-04-30,295.3,114.6,,1494.9,255.2,255.29999999999995,0
HRB,1992,1992-04-30,869.4,436.6,0.37,264.3,467.4,0,162.3,162.3,1992-04-30,264.3,102,,1336.8,237,237.0000000000001,0
HRB,1991,1991-04-30,729.1,428.8,0.33,225.6,433.6,0,140.1,140.1,1991-04-30,225.6,85.5,,1162.7,236,236.10000000000002,0
HRB,1990,1990-04-30,644,428.5,0.29,200.5,383.6,0,123.5,123.5,1990-04-30,200.5,77,,1027.6,208.1,208.20000000000005,0
HRB,1989,1989-04-30,561,422.9,0.24,161.6,315.9,0,100.2,100.2,1989-04-30,161.6,61.4,,876.9,177,177,0
HRB,1988,1988-04-30,496.4,420.1,0.21,140.3,281.7,,87.9,87.9,1988-04-30,140.3,52.5,,778.1,157.4,157.39999999999998,
HRB,1987,1987-04-30,433.1,420.3,0.17,127.5,253.5,,73.3,73.3,1987-04-30,127.5,54.1,,686.6,149.8,149.89999999999998,
HRB,1986,1986-04-30,369.2,399.2,0.15,112.8,222.2,0,60.1,60.1,1986-04-30,112.8,52.7,,591.3,124.8,124.80000000000001,0
HRB,1985,1985-04-30,295.7,394.3,0.14,102.7,180.1,0,55.5,55.5,1985-04-30,102.7,47.3,,475.9,94.6,94.60000000000002,0
HRB,1984,1984-04-30,248.1,396.6,0.12,88.1,151.9,0,48.1,48.1,1984-04-30,88.1,40.1,,399.9,79.4,79.4,0
HRB,1983,1983-04-30,206.4,390.1,0.1,73.3,119.1,0,40.8,40.8,1983-04-30,73.3,32.5,,325.5,61.8,61.79999999999998,0
HAL,2019,2019-12-31,20123,875,1.904,-448,2285,-569,-1131,-1129,2019-12-31,-1122,7,,22408,227,2733,-105
HAL,2018,2018-12-31,21009,877,2.43216,2467,2986,-554,1656,1610,2018-12-31,1814,204,,23995,254,519,-99
HAL,2017,2017-12-31,18343,870,0.72474,1374,2277,-593,-463,321,2017-12-31,682,361,,20620,256,903,-99
HAL,2016,2016-12-31,15023,861,-1.09396,-6778,864,-639,-5763,-5767,2016-12-31,-7625,-1858,,15887,228,7642,-208
HAL,2015,2015-12-31,21113,853,1.11284,-165,2520,-447,-671,-662,2015-12-31,-936,-274,,23633,200,2685,-324
HAL,2014,2014-12-31,27659,852,3.87,5097,5211,-383,3500,3437,2014-12-31,4712,1275,,32870,309,114,-2
HAL,2013,2013-12-31,24931,902,3.31,3138,4471,-331,2125,2116,2013-12-31,2764,648,,29402,333,1333,-43
HAL,2012,2012-12-31,24069,928,2.8,4159,4434,-298,2635,2587,2012-12-31,3822,1235,,28503,275,275,-39
HAL,2011,2011-12-31,19811,922,3.28,4737,5018,-263,2839,3010,2011-12-31,4449,1439,,24829,281,281,-25
HAL,2010,2010-12-31,14745,911,2,3009,3228,-297,1835,1802,2010-12-31,2655,853,,17973,229,219,-57
HAL,2009,2009-12-31,12479,902,1.34,1994,2196,-285,1145,1164,2009-12-31,1682,518,,14675,207,202,-27
HAL,2008,2008-12-31,14049,904,2.6,3317,4230,-121,1538,1952,2008-12-31,3163,1211,,18279,282,913,-33
HAL,2007,2007-12-31,11525,950,2.62,3498,3739,-30,3499,2553,2007-12-31,3460,907,,15264,293,241,-8
HAL,2006,2006-12-31,18706,1054,2.12,3484,3798,-35,2348,2305,2006-12-31,3449,1144,,22504,450,386,0
HAL,2005,2005-12-31,18146,1038,2.09,2662,2861,-156,2358,2413,2005-12-31,2492,79,,21007,380,186,-14
HAL,2004,2004-12-31,19323,882,0.4,837,1141,-188,-979,410,2004-12-31,651,241,,20464,361,306,2
HAL,2003,2003-12-31,15268,874,0.35,720,978,-109,-820,378,2003-12-31,612,234,,16246,330,283,1
HAL,2002,2002-12-31,12379,864,-0.42,-112,119,-106,-998,-308,2002-12-31,-228,80,,12498,335,305,-10
HAL,2001,2001-12-31,11575,860,0.64,1084,1364,-130,809,570,2001-12-31,954,384,,12939,387,387,0
HAL,2000,2000-12-31,11218,892,0.15,462,638,-126,501,206,2000-12-31,335,129,,11856,352,264,-1
HAL,1999,1999-12-31,13781,886,0.3,650,984,-76,438,341,1999-12-31,555,214,,14765,514,467,-19
HAL,1998,1998-12-31,15469,878,0.64,397,1690,-121,-15,34,1998-12-31,279,244,,17159,600,1488,4
HAL,1997,1997-12-31,7978,519,0.89,798,840,-32,454,466,1997-12-31,766,300,,8819,34,43,0
HAL,1996,1996-12-31,6847,504,0.72,418,538,-14,300,301,1996-12-31,404,103,,7385,34,120,0
HAL,1995,1995-12-31,5282,458,0.51,383,417,-17,168,235,1995-12-31,367,132,,5699,34,34,0
HAL,1994,1994-12-31,5308,457,0.25,235,433,-47,178,178,1994-12-31,291,113,,5741,198,198,0
HAL,1993,1993-12-31,6265,450,-0.36,-133,86,-57,-161,-163,1993-12-31,-189,-27,,6351,218,218,1
HAL,1992,1992-12-31,6384,460,-0.27,-101,182,-54,-137,-125,1992-12-31,-131,-6,,6566,284,283,24
HAL,1991,1991-12-31,6587,,,96,431,-2,27,29,1991-12-31,93,64,,7019,336,336,
HAL,1990,1990-12-31,6306,457,0.43,336,619,-34,197,200,1990-12-31,354,154,,6926,283,284,51
HAL,1989,1989-12-31,5181,426,0.31,239,481,-37,135,134,1989-12-31,246,112,,5661,241,241,44
HAL,1988,1988-12-31,4451,423,0.2,153,388,-59,94,83,1988-12-31,152,69,,4839,235,235,58
HAL,1987,1987-12-31,3590,424,0.11,51,240,-62,48,46,1987-12-31,59,13,,3830,189,189,69
HAL,1986,1986-12-31,3763,424,-0.44,-555,146,-77,-515,-519,1986-12-31,-552,-33,,3909,198,701,81
HAL,1985,1985-12-31,4483,435,0.07,89,296,-106,-339,37,1985-12-31,151,114,,4779,207,207,168
HAL,1984,1984-12-31,4720,459,0.72,498,725,-138,330,332,1984-12-31,572,240,,5446,228,228,212
HAL,1983,1983-12-31,4814,473,0.67,501,708,-132,276,319,1983-12-31,539,220,,5522,207,207,170
HBI,2019,2019-12-28,4189.326,365.519,1.79697,889.73,2777.597,-178.579,600.72,600.72,2019-12-28,679.727,79.007,51.52,6966.923,1771.788,1887.8670000000002,-31.424
HBI,2018,2018-12-29,4112.381,364.505,1.65593,864.687,2691.574,-194.675,539.666,536.741,2018-12-29,643.581,106.84,59.313,6803.955,1688.138,1826.8869999999997,-26.431
HBI,2017,2017-12-30,3784.055,369.426,0.78074,743.175,2687.355,-174.435,73.881,75.978,2017-12-30,529.095,453.117,65.457,6471.41,1551.999,1944.1799999999998,-39.645
HBI,2016,2016-12-31,3752.151,384.566,1.39619,775.649,2276.048,-152.692,539.382,536.927,2016-12-31,571.199,34.272,70.096,6028.199,1418.081,1500.3990000000003,-51.758
HBI,2015,2016-01-02,3595.217,403.659,1.06242,595.118,2136.332,-118.035,428.855,428.855,2016-01-02,473.873,45.018,62.324,5731.549,1469.619,1541.2139999999995,-3.21
HBI,2014,2015-01-03,3420.3,408,0.99,564,1904.4,-96.4,404.5,404.5,2015-01-03,465,60.4,63.3,5324.7,1278.4,1340.5,-2.6
HBI,2013,2013-12-28,3016.1,407.3,0.81,515.2,1611.7,-101.9,330.5,330.5,2013-12-28,395.8,65.3,51.3,4627.8,1044.7,1096.5000000000005,-17.5
HBI,2012,2012-12-29,3105.7,401.1,0.58,440.1,1420,-136.9,164.7,232.4,2012-12-29,262.9,30.5,48.3,4525.7,931.6,979.9000000000001,-40.3
HBI,2011,2011-12-31,3096.8,397,0.67,478.3,1540.4,-156.3,266.7,266.7,2011-12-31,315.6,48.9,,4637.1,1062.1,1062.0999999999995,-6.4
HBI,2010,2011-01-01,2911.9,391.1,0.54,404.2,1414.8,-150.2,211.3,211.3,2011-01-01,233.7,22.4,,4326.7,1010.6,1010.5999999999999,-20.2
HBI,2009,2010-01-02,2626,382.7,0.29,270.9,1265.3,-163.3,51.3,51.3,2010-01-02,58.3,7,,3891.3,937.4,994.4000000000001,-49.3
HBI,2008,2009-01-03,2871.4,380.7,0.52,317.5,1377.4,-155.1,127.2,127.2,2009-01-03,163,35.9,,4248.8,1009.6,1059.9,0.6
HBI,2007,2007-12-29,3033.6,387,0.42,388.6,1440.9,-199.2,126.1,126.1,2007-12-29,184.1,58,,4474.5,1038.2,1052.4,-5.2
HBI,2006,2006-12-30,1530.1,386.5,0.16,190.1,720.4,-70.8,74.1,74.1,2006-12-30,111.9,37.8,,2250.5,547.5,530.3000000000002,-7.4
HBI,2005,2006-07-01,2987.5,385.2,0.84,433.6,1485.3,-17.3,322.5,322.5,2006-07-01,416.3,93.8,,4472.8,1051.8,1051.6999999999998,0
HBI,2004,2005-07-02,3223.6,385.2,0.57,359.5,1460.1,-14,218.5,218.5,2005-07-02,345.5,127,,4683.7,1053.7,1100.6,0
HBI,2003,2004-07-03,3092,385.2,1.17,425.3,1540.7,-24.4,449.6,449.6,2004-07-03,400.9,-48.7,,4632.7,1088,1115.5,0
HBI,2002,2003-06-28,3010.4,385.2,1.11,547.6,1659.3,2.4,428.4,428.4,2003-06-28,550,121.6,,4669.7,1126.1,1111.7000000000003,
HBI,2001,2002-06-29,3278.5,380.1,0.89,468.2,1642.3,11.2,340,340,2002-06-29,479.4,139.5,,4920.8,1146.5,1174.1000000000004,
HBI,2000,2001-06-30,3337.5,380.1,0.4,172.7,1673,-9,150.8,150.8,2001-06-30,163.7,12.9,,5010.5,1299.8,1500.3000000000002,
HIG,2019,2019-12-31,,364.9,6.49334,2819,,-259,2085,2085,2019-12-31,2560,475,,,,17927,
HIG,2018,2018-12-31,,364.1,3.98441,2051,,-298,1807,1446,2018-12-31,1753,307,,,,16911,
HIG,2017,2017-12-31,,363.7,1.72604,1039,,-316,-3131,615,2017-12-31,723,108,,,,16138,
HIG,2016,2016-12-31,,394.8,2.68047,774,,-327,896,613,2016-12-31,447,-166,,,,15552,
HIG,2015,2015-12-31,,425.2,2.92499,1824,,-346,1682,1189,2015-12-31,1478,289,,,,14220,
HIG,2014,2014-12-31,,460,3.35,2075,,-376,798,1349,2014-12-31,1699,350,,,,16603,
HIG,2013,2013-12-31,,484,3.14,460,,-397,176,310,2013-12-31,63,-247,,,,25869,
HIG,2012,2012-12-31,,438,2.2,-70,,-457,-38,-33,2012-12-31,-527,-494,,,,26482,
HIG,2011,2011-12-31,,478,1.22,738,,-508,662,576,2011-12-31,230,-346,,,,21121,
HIG,2010,2010-12-31,,465,2.81,2772,,-508,1680,1680,2010-12-31,2264,584,,,,19611,
HIG,2009,2009-12-31,,346,-2.43,-1252,,-476,-887,-887,2009-12-31,-1728,-841,,,,25953,
HIG,2008,2008-12-31,,307,-7.41,-4248,,-343,-2749,-2749,2008-12-31,-4591,-1842,,,,13467,
HIG,2007,2007-12-31,,319,9.24,4268,,-263,2949,2949,2007-12-31,4005,1056,,,,21648,
HIG,2006,2006-12-31,,316,8.69,3879,,-277,2745,2745,2006-12-31,3602,857,,,,22621,
HIG,2005,2005-12-31,,306,7.44,3237,,-252,2274,2274,2005-12-31,2985,711,,,,23846,
HIG,2004,2004-12-31,,297,7.2,2774,,-251,2115,2138,2004-12-31,2523,385,,,,19919,
HIG,2003,2003-12-31,,272,-0.33,-550,,,-91,-91,2003-12-31,-550,-459,,,,19283,
HIG,2002,2002-12-31,,252,3.97,1068,,,1000,1000,2002-12-31,1068,68,,,,14839,
HIG,2001,2001-12-31,,241,2.52,354,,,507,549,2001-12-31,354,-195,,,,14793,
HIG,2000,2000-12-31,,224,4.47,1418,,,974,1028,2000-12-31,1418,390,,,,13285,
HIG,1999,1999-12-31,,228,3.79,1235,,,862,948,1999-12-31,1235,287,,,,12293,0
HIG,1998,1998-12-31,,236,4.3,1475,,,1015,1087,1998-12-31,1475,388,,,,13547,0
HIG,1997,1997-12-31,,239,5.58,1335,,,1332,1369,1997-12-31,1703,334,,,,11970,368
HIG,1996,1996-12-31,,235,-0.42,-318,,,-99,-99,1996-12-31,-318,-219,,,,12791,0
HIG,1995,1995-12-31,,235,2.37,742,,,559,559,1995-12-31,739,180,,,,11408,-3
HIG,1994,1994-12-31,,234,2.7,852,,,644,632,1994-12-31,846,214,,,,10250,-6
HIG,1993,1993-12-31,,234,2.29,687,,,537,537,1993-12-31,677,140,,,,9651,-10
HIG,1992,1992-12-31,,234,-1.17,-501,,,-653,-274,1992-12-31,-513,-239,,,,10363,-12
HAS,2019,2019-12-29,2222.398,128.499,4.17159,652.05,2497.829,-58.174,520.454,520.454,2019-12-29,594.21,73.756,262.156,4720.227,1450.779,1845.779,0.334
HAS,2018,2018-12-30,2202.338,126.89,4.09152,331.052,2377.308,-43.471,220.434,261.084,2018-12-30,270.402,9.318,246.165,4579.646,1727.482,2046.2559999999999,-17.179
HAS,2017,2017-12-31,2439.181,127.031,5.61304,810.359,2770.601,-52.48,396.607,713.03,2017-12-31,786.15,73.12,269.02,5209.782,1626.606,1960.2419999999997,28.271
HAS,2016,2016-12-25,2314.996,126.966,4.34274,788.048,2704.826,-58.414,551.38,533.151,2016-12-25,692.489,159.338,266.375,5019.822,1579.709,1916.7780000000002,-37.145
HAS,2015,2015-12-27,2056.278,126.688,3.51164,691.933,2391.231,-42.588,451.838,446.872,2015-12-27,603.915,157.043,242.944,4447.509,1370.183,1699.2980000000002,-54.83
HAS,2014,2014-12-28,2003.7,129.9,3.2,635.4,2273.5,-70.3,415.9,413.3,2014-12-28,540,126.7,222.6,4277.2,1315.8,1638.1000000000001,-25.1
HAS,2013,2013-12-29,2001.7,131.8,2.6,467.1,2080.5,-115.8,286.2,283.9,2013-12-29,351.8,67.9,203.5,4082.2,1240.3,1613.3999999999999,0.6
HAS,2012,2012-12-30,1974,131.9,2.74,551.8,2114.9,-95.8,336,336,2012-12-30,453.4,117.4,192.7,4089,1243.2,1563.1999999999998,-2.6
HAS,2011,2011-12-25,2175.5,136.7,2.82,594,2110.1,-89.5,385.4,385.4,2011-12-25,486.4,101,197.6,4285.6,1236,1516.1,-18.1
HAS,2010,2010-12-26,1938.6,145.7,2.71,592.8,2063.5,-85.8,397.8,397.8,2010-12-26,507.7,110,201.4,4002.2,1201.8,1470.8000000000002,0.7
HAS,2009,2009-12-27,2007,152.8,2.48,588.6,2061,-54.9,374.9,374.9,2009-12-27,529.7,154.8,181.2,4067.9,1206.1,1472.3000000000002,-4
HAS,2008,2008-12-28,2005.7,155.2,2,494.3,2015.8,-29.5,306.8,306.8,2008-12-28,441.1,134.3,191.4,4021.5,1251.8,1521.4999999999998,-23.8
HAS,2007,2007-12-30,1893.4,171.2,1.97,519.4,1944.1,-4.6,333,333,2007-12-30,462.4,129.4,167.2,3837.6,1189.9,1424.7999999999997,-52.3
HAS,2006,2006-12-31,1473.6,181,1.29,376.4,1677.9,0.1,230.1,230.1,2006-12-31,341.5,111.4,171.4,3151.5,1051.2,1301.5,-35
HAS,2005,2005-12-25,1533.6,197.4,1.09,310.5,1554.1,-6.4,212.1,212.1,2005-12-25,310.9,98.8,150.6,3087.6,990.9,1243.5,6.8
HAS,2004,2004-12-26,1474.9,196,0.96,293,1522.7,-24,196,196,2004-12-26,260.1,64.1,157.2,2997.5,1001.9,1229.6,-9
HAS,2003,2003-12-28,1536.4,190.1,0.94,344.6,1602.3,-52.5,157.7,175,2003-12-28,244.1,69,143.2,3138.7,1038.4,1257.6,-48.1
HAS,2002,2002-12-29,1395.3,172.7,0.43,219.3,1420.9,-77.5,-170.7,75.1,2002-12-29,104.1,29,153.8,2816.2,953.3,1201.6000000000001,-37.7
HAS,2001,2001-12-30,1433.2,173,0.34,211.3,1423.1,-103.7,59.7,60.8,2001-12-30,96.2,35.4,125.6,2856.3,966.3,1211.8,-11.4
HAS,2000,2000-12-31,2100.9,176.4,-0.42,-104.3,1686.4,-114.4,-144.6,-144.6,2000-12-31,-226,-81.4,208.5,3787.2,1316.5,1790.6,-7.3
HAS,1999,1999-12-26,2410,202.1,1.15,327.6,1822.2,-69.3,189,189,1999-12-26,273.8,84.9,,4232.3,1256.9,1494.6999999999998,15.6
HAS,1998,1998-12-27,1790.7,205.4,1.1,324.9,1513.7,-36.1,206.4,206.4,1998-12-27,303.5,97.1,,3304.5,1096.6,1188.8999999999999,14.7
HAS,1997,1997-12-28,1746,206.4,1.08,235.1,1442.6,-27.5,135,135,1997-12-28,204.5,69.5,,3188.6,1028.7,1207.5,-3.1
HAS,1996,1996-12-29,1648.4,209.3,0.98,332.3,1354,-31.5,199.9,199.9,1996-12-29,306.9,107,,3002.4,981.6,1021.6999999999998,6.1
HAS,1995,1995-12-31,1541.9,210.1,0.86,273.6,1316.3,-37.6,155.6,155.6,1995-12-31,252.6,97,,2858.2,973.2,1042.6999999999998,16.6
HAS,1994,1994-12-25,1434.5,201,0.93,295.7,1235.7,-30.8,175,179.3,1994-12-25,291.6,112.3,,2670.3,890.7,940.0999999999999,26.7
HAS,1993,1993-12-26,1463.1,202.6,1.03,351.2,1284,-29.8,200,200,1993-12-26,325.2,125.2,,2747.2,882,932.9000000000001,3.8
HAS,1992,1992-12-27,1343.9,200.4,0.89,324.5,1197.2,-35.9,179.2,179.2,1992-12-27,292.4,113.2,0,2541.1,872.6,872.5999999999999,3.7
HAS,1991,1991-12-29,1046.3,195.7,0.59,178.4,1094.8,-42.6,81.7,81.7,1991-12-29,145.6,63.9,113.5,2141.1,743.9,916.4000000000001,9.8
HAS,1990,1990-12-30,760.1,196,0.45,160.3,759.9,-16.5,89.2,89.2,1990-12-30,152.4,63.3,69,1520,530.6,599.6,8.7
HAS,1989,1989-12-31,721.4,199.8,0.46,170.1,688.3,-24.3,92.2,92.2,1989-12-31,156.8,64.6,57.6,1409.7,460.7,518.1999999999999,11
HAS,1988,1988-12-31,701.3,196.8,0.37,154.1,656.6,-29.9,72.4,72.4,1988-12-31,131.4,59,52.5,1357.9,450,502.5,7.2
HAS,1987,1987-12-31,716.8,187.5,0.26,132.5,628.3,-33,48.2,48.2,1987-12-31,99.6,51.4,43.1,1345.1,452.7,495.79999999999995,0.2
HAS,1986,1986-12-31,662.8,197.7,0.5,210.7,681.9,-29.6,99.2,99.2,1986-12-31,191.8,92.7,0,1344.7,471.2,471.20000000000005,10.8
HAS,1985,1985-12-31,596.5,191.1,0.52,235.1,636.8,-37.7,99,99,1985-12-31,194.9,95.9,0,1233.4,401.7,401.79999999999995,-2.5
HAS,1984,1984-12-31,361.9,138.3,0.38,136.3,357,-27.5,52.4,52.4,1984-12-31,110.2,57.8,0,719,220.8,220.80000000000007,1.5
HAS,1983,1983-12-31,115.9,105.2,0.14,31.1,108,-2.4,15.2,15.2,1983-12-31,29.6,14.3,0,224,77,77,0.9
HCA,2019,2019-12-31,8481,348.226,10.50339,7007,42855,-1781,3505,4145,2019-12-31,5244,1099,,51336,33041,35848,
HCA,2018,2018-12-31,7724,355.303,8.25935,6633,38953,-1726,3787,3838,2018-12-31,5335,1497,,46677,30033,32320,
HCA,2017,2017-12-31,7316,372.221,6.81998,6018,36298,-1645,2216,3044,2017-12-31,4381,1337,,43614,28110,30280,
HCA,2016,2016-12-31,6933,395.851,6.82307,6440,34557,-1653,2890,3432,2016-12-31,4810,1378,,41490,26405,28117,
HCA,2015,2015-12-31,6638,426.721,5.61031,5581,33040,-1619,2129,2696,2015-12-31,3957,1261,,39678,25218,27459,
HCA,2014,2014-12-31,6262,450,4.74,5152,30656,-1700,1875,2373,2014-12-31,3481,1108,,36918,23396,25504,-125
HCA,2013,2013-12-31,5970,462,3.41,4775,28212,-1819,1556,1996,2013-12-31,2946,950,,34182,21883,23437,-216
HCA,2012,2012-12-31,5717,459,3.74,4641,27296,-1762,1605,2006,2012-12-31,2894,888,,33013,15089,22655,5712
HCA,2011,2011-12-31,5179,496,3.36,5198,24503,-1779,2465,2842,2011-12-31,3561,719,,29682,13440,19305,5260
HCA,2010,2010-12-31,4961,437,2.95,4042,23074,-1815,1207,1573,2010-12-31,2231,658,,28035,12484,19032,5004
HCA,2009,2009-12-31,4868,432,2.53,3758,25184,-1741,1054,1375,2009-12-31,2002,627,,30052,15234,21426,4724
HCA,2008,2008-12-31,4620,,,2871,23754,-1798,673,902,2008-12-31,1170,268,,28374,14849,20883,4554
HCA,2007,2007-12-31,4395,,,2936,22463,-2009,874,1082,2007-12-31,1398,316,,26858,13844,19527,4241
HCA,2006,2006-12-31,4322,,,2415,21155,-758,1035,1236,2006-12-31,1862,626,,25477,13511,18740,4057
HCA,2005,2005-12-31,4126,2008,0.68,2683,20329,-434,1424,1602,2005-12-31,2327,725,,24455,12286,17646,4039
HCA,2004,2004-12-31,3901,2179,0.58,2510,19601,-369,1246,1414,2004-12-31,2141,727,,23502,12088,17091,3797
HCA,2003,2003-12-31,3522,2302,0.58,2513,18286,-292,1332,1482,2003-12-31,2306,824,,21808,10889,15773,3676
HCA,2002,2002-12-31,3158,2366,0.57,1837,16571,-240,833,981,2002-12-31,1603,622,,19729,9533,14734,3341
HCA,2001,2001-12-31,2860,2425,0.43,1843,15093,-378,886,1005,2001-12-31,1596,591,,17953,8655,13250,3238
HCA,2000,2000-12-31,2640,2557,0.28,999,14030,-433,219,303,2000-12-31,600,297,,16670,7894,13031,3208
HCA,1999,1999-12-31,2645,2663,0.25,1368,14012,-381,657,714,1999-12-31,1284,570,,16657,7963,12644,3306
HCA,1998,1998-12-31,2901,2913,0.17,856,15780,-449,379,602,1998-12-31,1151,549,,18681,9208,14924,3865
HCA,1997,1997-12-31,2722,2987,0.18,963,16097,-425,-305,332,1997-12-31,538,206,,18819,9051,15134,4331
HCA,1996,1996-12-31,2655,3054,0.48,2898,16131,-315,1505,1602,1996-12-31,2583,981,,18786,8401,13233,3689
HCA,1995,1995-12-31,2536,3032,0.34,2285,14596,-458,961,1138,1995-12-31,1827,689,,17132,7773,12311,3562
HCA,1994,1994-12-31,2144,2860,0.36,1967,12399,-387,814,969,1994-12-31,1580,611,,14543,6816,10432,2722
HCA,1993,1993-12-31,2015,2791,0.26,1645,10663,-415,639,738,1993-12-31,1230,492,,12678,5901,9018,2428
HCA,1992,1992-12-31,1948,2665,0.11,1158,10278,-506,196,318,1992-12-31,652,334,,12226,5714,9120,2736
HCA,1991,1991-12-31,1774,2262,0.1,1148,9948,-748,120,242,1991-12-31,400,158,,11722,5562,8800,2591
HCA,1990,1990-12-31,50,80,0.12,35,241,-17,10,14,1990-12-31,17,4,,290,135,206,59
HCA,1989,1989-12-31,23,80,0.08,21,130,-11,6,10,1989-12-31,10,0,,153,71,109,32
HCA,1988,1988-12-31,8,80,0.01,7,38,-4,1,2,1988-12-31,2,1,,45,20,31,9
PEAK,2019,2019-12-31,879.37,489.335,0.22925,242.827,1118.013,-225.619,45.53,68.686,2019-12-31,51.424,-17.262,,1997.383,87.903,875.186,11.316
PEAK,2018,2018-12-31,705.038,475.387,1.13256,394.047,1141.651,-266.343,1061.093,1076.068,2018-12-31,1058.214,-17.854,,1846.689,82.796,747.604,4.525
PEAK,2017,2017-12-31,666.251,468.935,0.75295,314.418,1182.127,-307.716,414.169,428.761,2017-12-31,410.4,-18.361,,1848.378,83.772,867.7090000000001,47.057
PEAK,2016,2016-12-31,738.399,467.403,0.58422,660.254,1390.895,-464.403,627.747,362.811,2016-12-31,367.284,4.473,,2129.294,86.646,730.641,6.735
PEAK,2015,2015-12-31,610.679,462.795,0.48092,593.282,1329.81,-479.596,-559.235,146.078,2015-12-31,136.271,-9.807,,1940.489,95.965,736.5280000000001,16.208
PEAK,2014,2014-12-31,384.6,458.8,1.97,1322.4,1881.7,-439.7,922.2,893.2,2014-12-31,893.4,0.3,,2266.3,82.2,559.3,7.5
PEAK,2013,2013-12-31,298.3,455.7,2.02,1269.1,1801.6,-435.3,970.8,846.2,2013-12-31,852,5.8,,2099.9,109.2,532.5,18.2
PEAK,2012,2012-12-31,284,428.3,1.83,1171.1,1616.7,-417.1,832.5,758.4,2012-12-31,756.8,-1.6,,1900.7,79.5,445.6,2.8
PEAK,2011,2011-12-31,220.2,400.2,1.63,911.8,1505.2,-419.3,538.9,503.6,2011-12-31,504.8,1.2,,1725.4,96.2,593.4000000000001,12.3
PEAK,2010,2010-12-31,210.3,306.9,1.12,590.1,1044.9,-288.7,330.7,316.8,2010-12-31,317.2,0.4,,1255.1,83,454.8,15.8
PEAK,2009,2009-12-31,185.9,274.6,0.89,395.7,971.1,-295.4,130.2,106.3,2009-12-31,108.3,1.9,,1157,78.5,575.4,7.9
PEAK,2008,2008-12-31,192.6,238.3,0.87,445.7,833.2,-393.8,448.5,204.3,2008-12-31,208.6,4.3,,1025.8,75.7,387.5,156.8
PEAK,2007,2007-12-31,186.6,209.3,0.62,463,796,-388.1,589,160.8,2007-12-31,160.8,0,,982.5,70.9,332.9,75.7
PEAK,2006,2006-12-31,89.2,149.2,0.6,335.6,521.6,-229,417.5,106.6,2006-12-31,106.6,0,,610.8,47.4,194.3,
PEAK,2005,2005-12-31,59,135.6,1.02,279.9,419.4,-120.8,173.1,159.1,2005-12-31,159.1,0,,478.4,32.1,138.3,
PEAK,2004,2004-12-31,43.3,133.4,1.05,260.8,383.3,-103,169,157.8,2004-12-31,157.8,0,,426.5,36,124.50000000000001,
PEAK,2003,2003-12-31,38.7,126.1,0.95,256.8,358.6,-101.7,158.6,155.1,2003-12-31,155.1,0,,397.3,24.7,104.7,
PEAK,2002,2002-12-31,32.7,116.3,1.04,224.8,326.9,-87.7,137.4,137.2,2002-12-31,137.2,0,,359.6,18.4,101.99999999999999,
PEAK,2001,2001-12-31,30.1,108,0.88,205.3,302.4,-85.3,121.2,121.2,2001-12-31,121.2,0,,332.5,13.2,97.1,
PEAK,2000,2000-12-31,27.7,102.2,0.97,214.7,302.1,-93,133.8,133.5,2000-12-31,133.5,0,,329.8,13.3,87.39999999999999,
PEAK,1999,1999-12-31,18,69.7,0.98,150.3,206.8,-64.4,96.2,96.2,1999-12-31,96.2,0,,224.8,,56.5,9.9
PEAK,1998,1998-12-31,5.1,67.3,1.06,117.2,156.5,-44.1,87.2,87.2,1998-12-31,87.2,0,,161.5,,39.199999999999996,8.6
PEAK,1997,1997-12-31,0.2,58,1.06,96.5,128.3,-33.8,64.8,64.8,1997-12-31,64.8,0,,128.5,,31.8,7.4
PEAK,1996,1996-12-31,0,57.7,1.05,91.4,120.4,-30.8,60.6,60.6,1996-12-31,60.6,0,,120.4,,29,6.8
PEAK,1995,1995-12-31,0.7,62.3,1.01,80.3,105,-23.6,80.3,80.3,1995-12-31,80.3,0,,105.7,,24.7,6
PEAK,1994,1994-12-31,2.6,53.4,0.94,73.7,96.4,-20.1,50,53.6,1994-12-31,53.6,0,,99,,22.7,5.2
PEAK,1993,1993-12-31,2.3,53.2,0.83,67.2,90.2,-19.7,44.1,47.5,1993-12-31,47.5,0,,92.5,,23,5.1
PEAK,1992,1992-12-31,1.9,51.7,0.69,58.8,81.8,-19.8,35.7,39,1992-12-31,39,0,,83.7,,23,5
PEAK,1991,1991-12-31,5.7,46.1,0.57,50.9,73.7,-20.8,26.5,30.1,1991-12-31,30.1,0,,79.4,,22.8,4.3
PEAK,1990,1990-12-31,8,45,0.52,44.4,64,-17.5,23.2,26.9,1990-12-31,26.9,0,,72,,19.6,4
PEAK,1989,1989-12-31,7.4,35.6,0.39,36.7,55,-19.6,13.8,17.1,1989-12-31,17.1,0,,62.5,,18.4,3.5
PEAK,1988,1988-12-31,7.2,32.6,0.42,31.3,46,-14.7,13.7,16.6,1988-12-31,16.6,0,,53.2,,14.7,4.5
PEAK,1987,1987-12-31,0,32.6,0.44,27.4,39.6,-10.6,14.2,16.8,1987-12-31,16.8,0,,39.6,,12.1,3.4
PEAK,1986,1986-12-31,0,29,0.45,20.1,28.8,-4.7,13,15.4,1986-12-31,15.4,0,,28.8,,8.7,1.1
PEAK,1985,1985-12-31,0,19.4,0.26,7.2,10,-0.8,5,6.4,1985-12-31,6.4,0,,10,,2.8,0.3
HSIC,2019,2019-12-28,6894.917,149.257,4.76995,718.261,3090.886,-35.035,694.734,520.792,2019-12-28,680.307,159.515,,9985.803,2357.92,2372.624999999999,-2.919
HSIC,2018,2018-12-29,6506.856,153.707,3.1963,600.619,2910.747,-60.525,535.881,417.728,2018-12-29,536.836,119.108,,9417.603,2217.273,2310.1280000000006,-3.258
HSIC,2017,2017-12-30,6136.776,158.208,2.78331,669.761,2746.662,-38.628,406.299,463.772,2017-12-30,629.794,166.022,,8883.438,2071.576,2076.901,-1.339
HSIC,2016,2016-12-31,8345.195,163.723,3.29481,771.574,3226.473,-18.618,506.778,537.877,2016-12-31,755.835,217.958,,11571.668,2409.008,2454.8989999999994,2.879
HSIC,2015,2015-12-26,7622.765,168.25,2.99402,733.972,3006.954,-13.073,479.058,509.367,2015-12-26,720.758,211.391,,10629.719,2238.051,2272.981999999999,-0.141
HSIC,2014,2014-12-27,7460.075,171.48,2.71797,715.142,2911.315,-10.402,466.077,493.702,2014-12-27,709.312,215.61,,10371.39,2196.173,2196.173,4.572
HSIC,2013,2013-12-28,6905,175,2.53,677,2656,-15,432,474,2013-12-28,665,191,,9561,1979,1979,2
HSIC,2012,2012-12-29,6432,180,2.22,619,2508,-18,388,416,2012-12-29,604,188,,8940,1873,1889,3
HSIC,2011,2011-12-31,6112,185,1.98,582,2418,-15,368,389,2011-12-31,569,180,,8530,1836,1836,2
HSIC,2010,2010-12-25,5356,187,1.79,521,2171,-20,326,342,2010-12-25,502,160,,7527,1637,1650,0
HSIC,2009,2009-12-26,4622,181,1.71,464,1917,-13,311,325,2009-12-26,453,128,,6538,1450,1452,2
HSIC,2008,2008-12-27,4506,182,1.44,419,1874,-18,239,264,2008-12-27,395,131,,6380,1432,1455,-6
HSIC,2007,2007-12-29,4184,182,1.27,387,1706,-13,212,250,2007-12-29,379,129,,5890,1319,1319,5
HSIC,2006,2006-12-30,3562,180,1,304,1459,,161,187,2006-12-30,291,103,,5022,1155,1155,-14
HSIC,2005,2005-12-31,3218,177,0.85,262,1308,-18,140,156,2005-12-31,246,90,,4526,1046,1046,2
HSIC,2004,2004-12-25,2844,177,0.64,192,1054,-11,117,114,2004-12-25,181,67,,3898,862,862,0
HSIC,2003,2003-12-27,2286,180,0.77,232,908,-11,138,140,2003-12-27,223,83,,3194,676,676,2
HSIC,2002,2002-12-28,2030,179,0.65,197,795,-8,118,120,2002-12-28,190,71,,2825,599,598,1
HSIC,2001,2001-12-29,1859,174,0.54,148,699,-7,87,88,2001-12-29,140,52,,2558,552,551,0
HSIC,2000,2000-12-30,1734,168,0.44,113,648,-14,57,60,2000-12-30,97,36,,2382,520,535,-2
HSIC,1999,1999-12-25,1676,166,0.35,106,609,-16,50,54,1999-12-25,90,36,,2285,489,503,0
HSIC,1998,1998-12-26,1399,166,0.25,40,524,-5,16,16,1998-12-26,36,20,,1923,428,484,2
HSIC,1997,1997-12-27,1188,150,0.21,12,510,0,-2,-5,1997-12-27,13,18,,1698,448,499,1
HSIC,1996,1996-12-28,962,141,0.2,43,413,2,29,27,1996-12-28,46,19,,1374,370,369,1
HSIC,1995,1995-12-30,664,98,0.19,13,295,-7,-1,-2,1995-12-30,9,11,,959,282,281,3
HSIC,1994,1994-12-31,344,48,0.14,-9,143,-4,-11,-11,1994-12-31,-12,-2,,487,152,152,1
HSIC,1993,1993-12-31,295,48,0.04,5,121,-3,4,1,1993-12-31,2,1,,416,116,115,0
HSIC,1992,1992-12-31,257,48,0.01,2,106,-3,1,0,1992-12-31,0,1,,363,104,104,1
HSIC,1991,1991-12-31,200,48,0.02,2,82,-2,1,1,1991-12-31,1,1,,282,80,80,2
HSIC,1990,1990-12-31,168,48,0.01,2,68,-1,0,0,1990-12-31,1,1,,236,66,66,0
HES,2019,2019-12-31,1920,301.2,-1.41534,586,4575,-377,-408,-240,2019-12-31,221,461,233,6495,1634,3989,-10
HES,2018,2018-12-31,1942,298.2,-1.05416,476,4381,-404,-282,-115,2018-12-31,220,335,362,6323,1607,3905,116
HES,2017,2017-12-31,1386,314.1,-4.24117,-5378,4080,-310,-4074,-3941,2017-12-31,-5778,-1837,507,5466,1865,9458,-4
HES,2016,2016-12-31,1164,309.9,-19.51662,-3593,3598,-312,-6132,-6076,2016-12-31,-3854,2222,1442,4762,2290,7191,28
HES,2015,2015-12-31,1440,283.6,-7.01499,-3968,5070,-341,-3056,-2959,2015-12-31,-4258,-1299,881,6510,2586,9038,
HES,2014,2014-12-31,2101,304,3.57,1936,8515,-323,2317,1692,2014-12-31,2436,744,837,10616,563,6579,1922
HES,2013,2013-12-31,11740,341,6.26,2725,10507,-406,5052,3968,2013-12-31,4493,525,1031,22247,3692,7782,
HES,2012,2012-12-31,27669,340,5.97,3573,10120,-419,2025,2063,2012-12-31,3738,1675,1070,37789,1930,6547,
HES,2011,2011-12-31,29126,340,4.83,3484,9372,-1469,1703,1676,2011-12-31,2461,785,1195,38498,1942,5888,
HES,2010,2010-12-31,25331,328,5.14,2986,8596,-883,2125,2138,2010-12-31,3311,1173,865,33927,1896,5610,
HES,2009,2009-12-31,22766,326,2.4,2111,7032,-589,740,807,2009-12-31,1522,715,829,29798,1838,4921,
HES,2008,2008-12-31,31467,326,7.24,4930,9583,-230,2360,2360,2008-12-31,4700,2340,725,41050,1906,4653,
HES,2007,2007-12-31,24154,319,5.7,3813,6169,-130,1832,1832,2007-12-31,3704,1872,515,30323,1719,3760,
HES,2006,2006-12-31,21162,316,5.53,3769,5463,-98,1916,1916,2006-12-31,4040,2124,552,26625,1541,3217,
HES,2005,2005-12-31,18048,312,3.89,2106,3368,72,1242,1242,2005-12-31,2226,984,397,21416,1335,2677,
HES,2004,2004-12-31,12796,306,3.06,1554,2655,-51,977,970,2004-12-31,1558,588,287,15451,1274,2477,
HES,2003,2003-12-31,10743,271,1.64,959,2337,-217,643,467,2003-12-31,781,314,369,13080,1241,2622,
HES,2002,2002-12-31,7978,265,1.59,249,2905,-417,-218,-218,2002-12-31,-51,167,319,10883,1158,3796,
HES,2001,2001-12-31,9446,267,3.42,1618,2961,-180,914,914,2001-12-31,1438,524,368,12407,1200,2491,
HES,2000,2000-12-31,8440,270,3.79,1716,2764,-44,1023,1023,2000-12-31,1672,649,289,11204,1000,2000,
HES,1999,1999-12-31,4728,271,1.28,595,1680,-167,438,438,1999-12-31,702,264,261,6408,835,1858,
HES,1998,1998-12-31,5024,269,-1.15,-296,1113,-192,-459,-459,1998-12-31,-514,-55,338,6138,753,1931,
HES,1997,1997-12-31,6301,275,0.18,257,1600,-146,8,8,1997-12-31,127,119,373,7901,650,1766,
HES,1996,1996-12-31,6069,279,1.13,650,2033,-166,660,660,1996-12-31,1014,354,279,8103,618,1681,
HES,1995,1995-12-31,5221,278,-0.28,-201,1903,-247,-394,-394,1995-12-31,-353,42,298,7123,634,2409,
HES,1994,1994-12-31,4450,279,0.26,481,2152,-245,74,74,1994-12-31,236,162,249,6602,591,1768,
HES,1993,1993-12-31,4287,278,-1.07,-67,1592,-157,-268,-298,1993-12-31,-223,74,259,5880,597,1681,
HES,1992,1992-12-31,4039,262,0.03,271,1819,-147,8,8,1992-12-31,123,116,229,5858,582,1644,
HES,1991,1991-12-31,4410,243,0.35,294,1857,-178,84,84,1991-12-31,116,32,301,6267,583,1712,
HES,1990,1990-12-31,4709,243,1.99,840,2239,-224,483,483,1990-12-31,616,133,276,6948,513,1532,
HES,1989,1989-12-31,3838,243,1.96,708,1751,-188,476,476,1989-12-31,520,44,165,5589,422,1133,
HES,1988,1988-12-31,2965,246,0.5,295,1241,-145,124,124,1988-12-31,150,26,182,4206,380,1003,
HES,1987,1987-12-31,3522,252,0.91,397,1192,-144,230,230,1987-12-31,253,23,106,4714,328,866,
HES,1986,1986-12-31,3156,253,-0.87,-26,859,-164,-219,-219,1986-12-31,-190,30,149,4015,401,932,
HES,1985,1985-12-31,5768,254,-1.03,342,1886,-189,-260,-260,1985-12-31,153,414,230,7653,1009,1612,
HES,1984,1984-12-31,6260,254,0.67,954,2017,-194,170,170,1984-12-31,760,590,212,8277,601,1140,
HES,1983,1983-12-31,6483,254,0.81,914,1886,-167,205,205,1983-12-31,747,542,136,8369,620,1025,
HPE,2019,2019-10-31,19642,1366,1.72364,1651,9493,-157,1049,1537,2019-10-31,1553,16,1842,29135,4907,7842,59
HPE,2018,2018-10-31,21621,1553,2.60457,383,9231,-236,1908,2767,2018-10-31,268,-2499,1667,30852,4921,8848,121
HPE,2017,2017-10-31,20202,1674,0.75941,561,8669,-350,344,436,2017-10-31,272,-164,1490,28871,5012,8108,61
HPE,2016,2016-10-31,20507,1739,0.98713,4220,9773,-360,3161,3237,2016-10-31,3860,623,1714,30280,5380,5553,
HPE,2015,2015-10-31,21013,1834,1.81906,1946,10064,-11,2461,2640,2015-10-31,1935,-705,1676,31077,5142,8118,
HPE,2014,2014-10-31,39483,1878,1.46,2335,15640,-91,1648,1648,2014-10-31,2244,596,2197,55123,8726,13305,
HPE,2013,2013-10-31,41631,1878,1.47,2952,15740,-81,2051,2051,2013-10-31,2871,820,1956,57371,8603,12788,
HPE,2012,2012-10-31,44143,1878,-1.42,-14139,16899,-175,-14761,-14761,2012-10-31,-14314,447,2120,61042,8682,31038,
HLT,2019,2019-12-31,5763,290,2.99618,1657,3689,-416,881,886,2019-12-31,1244,358,,9452,1695,2032,3
HLT,2018,2018-12-31,5323,305,2.54754,1432,3583,-382,764,782,2018-12-31,1078,296,,8906,1775,2151,28
HLT,2017,2017-12-31,4899,327,1.59928,1072,3232,-348,1084,489,2017-12-31,753,264,,8131,1708,2160,29
HLT,2016,2016-12-31,3609,329,-0.11611,868,2967,-350,338,-17,2016-12-31,540,557,,6576,1688,2099,22
HLT,2015,2015-12-31,4011,330,2.31227,900,3122,-418,1404,881,2015-12-31,533,-348,,7133,1951,2222,51
HLT,2014,2014-12-31,3691,329,2.05,1673,6811,-563,673,682,2014-12-31,1147,465,,10502,4510,5138,37
HLT,2013,2013-12-31,3405,308,0.86,1331,6330,-640,415,460,2013-12-31,698,238,,9735,4625,4999,7
HLT,2012,2012-12-31,3124,328,1.15,1115,6152,-542,352,359,2012-12-31,573,214,,9276,4448,5037,
HLT,2011,2011-12-31,2927,328,0.81,975,5856,-798,253,255,2011-12-31,196,-59,,8783,4297,4881,19
HLT,2010,2010-12-31,2637,328,-1.13,1342,5431,-931,128,111,2010-12-31,419,308,,8068,4280,4089,8
HLT,2009,2009-12-31,2394,,,,,,,,2009-12-31,,,,7576,3971,,
HLT,2008,2008-12-31,2746,,,,,,,,2008-12-31,,,,8875,4426,,
HFC,2019,2019-12-31,13784.208,167.385,5.28763,1277.044,3702.37,-110.553,772.388,872.352,2019-12-31,1171.504,299.152,,17486.578,354.236,2425.325999999999,5.013
HFC,2018,2018-12-31,14060.432,176.661,6.1372,1623.993,3654.234,-102.449,1097.96,1169.424,2018-12-31,1524.467,355.043,,17714.666,290.424,2030.241,2.923
HFC,2017,2017-12-31,11371.814,177.196,2.7502,924.566,2879.485,-59.885,805.395,574.141,2017-12-31,868.863,294.722,,14251.299,265.721,1954.9189999999999,4.182
HFC,2016,2016-12-31,8480.978,176.101,0.9552,-111.3,2054.722,-62.008,-260.453,-190.945,2016-12-31,-171.534,19.411,,10535.7,125.93,2166.022000000001,1.774
HFC,2015,2015-12-31,10338.955,188.94,3.87669,1242.983,2898.965,-43.817,740.101,802.508,2015-12-31,1208.568,406.06,,13237.92,120.846,1655.982,9.402
HFC,2014,2014-12-31,17652.682,197.428,1.44471,507.857,2111.645,-41.223,281.292,326.328,2014-12-31,467.5,141.172,,19764.327,114.609,1603.7880000000005,
HFC,2013,2013-12-31,17332,201,3.72,1224,2829,-65,736,768,2013-12-31,1159,392,,20161,128,1605,
HFC,2012,2012-12-31,15784,206,8.38,2884,4306,-96,1727,1760,2012-12-31,2788,1028,,20091,128,1423,
HFC,2011,2011-12-31,12680,159,6.49,1716,2759,-75,1023,1060,2011-12-31,1642,582,,15440,120,1043,
HFC,2010,2010-12-31,7367,107,0.97,263,956,-71,104,133,2010-12-31,192,59,,8323,71,693,
HFC,2009,2009-12-31,4238,101,0.05,77,596,-33,20,36,2009-12-31,44,7,,4834,60,519,
HFC,2008,2008-12-31,5281,101,1.18,197,587,-10,121,128,2008-12-31,192,65,0,5868,55,390,
HFC,2007,2007-12-31,4003,112,2.99,466,788,33,334,334,2007-12-31,499,165,0,4792,69,322,
HFC,2006,2006-12-31,3349,116,2.12,362,674,22,267,247,2006-12-31,384,137,0,4023,63,312,
HFC,2005,2005-12-31,2637,126,1.32,268,576,8,168,174,2005-12-31,275,101,0,3213,52,308,0
HFC,2004,2004-12-31,1836,129,0.65,146,409,1,84,91,2004-12-31,146,55,1,2245,55,265,
HFC,2003,2003-12-31,1156,128,0.21,60,239,0,46,47,2003-12-31,75,28,1,1394,35,188,
HFC,2002,2002-12-31,378,127,0.04,8,71,0,5,5,2002-12-31,9,3,0,449,9,62,
HFC,2001,2002-07-31,698,128,0.25,43,189,8,32,32,2002-07-31,51,19,1,887,22,148,
HFC,2000,2001-07-31,871,123,0.6,118,267,3,73,73,2001-07-31,122,48,2,1139,23,153,1
HFC,1999,2000-07-31,801,129,0.12,20,162,-4,11,11,2000-07-31,19,7,2,962,21,145,2
HFC,1998,1999-07-31,428,132,0.15,39,166,-6,20,20,1999-07-31,33,13,1,594,22,131,0
HFC,1997,1998-07-31,516,132,0.12,31,73,-6,15,15,1998-07-31,25,10,3,589,14,43,
HFC,1996,1997-07-31,657,132,0.1,28,63,-6,13,13,1997-07-31,22,9,4,719,13,37,
HFC,1995,1996-07-31,600,132,0.15,38,75,-7,19,19,1996-07-31,32,13,4,675,14,38,
HFC,1994,1995-07-31,554,132,0.09,27,59,-7,18,12,1995-07-31,20,8,4,613,14,33,0
HFC,1993,1994-07-31,481,132,0.16,44,70,-9,21,21,1994-07-31,35,14,5,551,13,28,0
HFC,1992,1993-07-31,566,132,0.15,39,64,-10,19,20,1993-07-31,33,13,3,630,12,26,4
HFC,1991,1992-07-31,474,132,0.02,11,32,-10,3,3,1992-07-31,1,-2,2,506,9,22,0
HFC,1990,1991-07-31,448,132,0.09,21,40,-4,12,12,1991-07-31,18,7,4,488,9,21,2
HFC,1989,1990-07-31,378,132,0.18,42,60,-5,24,24,1990-07-31,37,13,3,438,10,19,1
HFC,1988,1989-07-31,313,132,0.25,52,67,-6,33,33,1989-07-31,52,19,0,380,10,17,6
HFC,1987,1988-07-31,333,132,0.17,38,52,-5,23,23,1988-07-31,36,13,0,385,8,15,3
HFC,1986,1987-07-31,262,132,0.01,6,20,-4,1,2,1987-07-31,3,1,0,282,8,15,2
HFC,1985,1986-07-31,302,153,0.1,35,47,-3,15,15,1986-07-31,29,14,0,349,7,13,-2
HFC,1984,1985-07-31,380,192,0.05,16,27,0,10,10,1985-07-31,20,9,0,408,7,13,4
HFC,1983,1984-07-31,387,325,0.01,2,15,0,28,3,1984-07-31,6,2,0,402,7,13,4
HFC,1982,1983-07-31,409,333,0.02,14,25,,7,8,1983-07-31,14,7,0,433,6,11,1
HOLX,2020,2020-09-26,1523.1,264.613,4.35889,1105,2253.3,-112.2,1115.2,1110.5,2020-09-26,1001.9,-108.6,222.5,3776.4,840.6,1148.3000000000002,9.1
HOLX,2019,2019-09-28,1617.7,269.413,0.93433,-124.6,1749.6,-127.3,-203.6,-198.6,2019-09-28,-257.7,-59.1,232.2,3367.3,897.2,1874.2,-5.8
HOLX,2018,2018-09-29,1521.2,275.105,0.20781,-283.8,1696.7,-142.4,-111.3,-457.5,2018-09-29,-418.6,38.9,218.7,3217.9,910.7,1980.4999999999998,7.6
HOLX,2017,2017-09-30,1437.8,285.653,0.74648,1367,1621,-148.9,755.5,755.5,2017-09-30,1230.5,475,232.8,3058.8,841.9,254,12.4
HOLX,2016,2016-09-24,1269.4,286.156,1.19971,543.3,1563.3,-154.2,330.8,330.8,2016-09-24,415.3,84.5,232.1,2832.7,682.4,1020,26.2
HOLX,2015,2015-09-26,1272.3,289.537,0.68819,392.4,1432.7,-204.2,131.6,131.6,2015-09-26,177.2,45.6,214.9,2705,624,1040.3,-11
HOLX,2014,2014-09-27,1258.6,278.4,0.28,272.3,1272.1,-219.3,17.3,17.3,2014-09-27,48.1,30.8,203.2,2530.7,591.5,999.8000000000002,-4.9
HOLX,2013,2013-09-28,1329.2,268.7,-1.5,-915.4,1163.1,-279.8,-1172.8,-1172.8,2013-09-28,-1192.9,-20.1,197.6,2492.3,569.8,2078.5,2.3
HOLX,2012,2012-09-29,1008.2,264,0.04,71.4,994.4,-138,-73.6,-73.6,2012-09-29,-61.7,11.9,135.5,2002.6,542.8,923,4.9
HOLX,2011,2011-09-24,866.2,264.3,0.42,344.6,923.2,-113,157.2,157.2,2011-09-24,227.4,70.2,116.7,1789.3,446.3,578.5999999999999,-4.2
HOLX,2010,2010-09-25,942.9,258.7,0.35,69.9,736.6,-125.8,-62.8,-62.8,2010-09-25,-55,7.8,104.3,1679.6,395.7,666.6999999999999,0.9
HOLX,2009,2009-09-26,779.6,256.5,-2.7,-2016.7,857.5,-133.8,-2216.6,-2216.6,2009-09-26,-2154.1,62.5,102.5,1637.1,379.7,2874.2000000000003,-3.7
HOLX,2008,2008-09-27,782,246,0.63,-197.5,892.5,-128.5,-415.6,-415.6,2008-09-27,-327.3,88.3,88.2,1674.5,402.2,1090,-1.2
HOLX,2007,2007-09-29,393,109.7,0.86,147.8,345.3,0.3,94.6,94.6,2007-09-29,148.5,53.9,44.4,738.4,147.6,197.60000000000002,0.4
HOLX,2006,2006-09-30,269.4,97.2,0.46,50.3,193.3,2.9,27.4,27.4,2006-09-30,53.2,25.8,28.1,462.7,98.4,142.90000000000003,0
HOLX,2005,2005-09-24,175.8,90.3,0.31,32.6,111.9,1.8,28.3,28.3,2005-09-24,34.7,6.4,18.5,287.7,60.7,79.29999999999998,0.2
HOLX,2004,2004-09-25,144.4,85.2,0.14,12.6,84.3,0.3,12.2,12.2,2004-09-25,12.9,0.8,16.5,228.7,55.3,71.69999999999999,0.1
HOLX,2003,2003-09-27,130.5,80.5,0.04,3,73.6,0.7,2.9,3.1,2003-09-27,3.3,0.2,18.4,204,52.2,70.5,-0.4
HOLX,2002,2002-09-28,118.4,76.8,0.02,2.2,71.8,0.6,0.2,0.2,2002-09-28,-0.3,-0.4,20.4,190.2,47.2,69.6,-3
HOLX,2001,2001-09-29,119.4,61.9,-0.32,-18.8,60.8,1,-20.9,-20.9,2001-09-29,-20.7,0.2,23.3,180.2,54.7,79.6,-2.9
HOLX,2000,2000-09-30,65.5,61.3,-0.3,-32.4,28.9,3.6,-18.6,-18.6,2000-09-30,-29,-10.4,22.2,94.3,39.1,61.2,-0.2
HOLX,1999,1999-09-25,51.9,55.8,-0.07,-9.5,32.7,4.2,-3.7,-3.7,1999-09-25,-5.8,-2.1,12.7,84.7,29.5,42.300000000000004,-0.5
HOLX,1998,1998-09-26,55.9,55.1,0.19,10.9,59.7,6,10.4,10.4,1998-09-26,16.2,5.8,9.8,115.6,39,48.800000000000004,-0.7
HOLX,1997,1997-09-27,47.5,54.7,0.32,22.4,59.2,5.3,17.7,17.7,1997-09-27,27.6,9.8,8.5,106.7,28.3,36.8,-0.2
HOLX,1996,1996-09-28,41.3,50.1,0.24,14.7,50.3,2.6,11.4,11.4,1996-09-28,17.1,5.7,7.3,91.6,25.6,35.60000000000001,-0.2
HOLX,1995,1995-09-30,27.5,40.9,0.12,4,29,0.9,3.3,3.3,1995-09-30,4.9,1.5,4.5,56.5,17.9,25,-0.1
HOLX,1994,1994-09-24,24.5,38.6,0.12,5.9,23.1,0.4,4.8,4.8,1994-09-24,6.4,1.6,3.7,47.7,13.6,17.299999999999997,0.1
HOLX,1993,1993-09-25,16.5,34.9,0.01,-1.4,15.3,0.3,-0.3,-0.3,1993-09-25,-1.1,-0.8,3.4,31.8,12.4,16.700000000000003,0
HOLX,1992,1992-09-30,16.1,35.9,0.05,1.7,16.1,0.5,1.9,1.9,1992-09-30,2.4,0.5,3.8,32.3,10.6,14.5,0.2
HOLX,1991,1991-09-30,8.5,32.4,0.02,0.2,8.6,0.8,0.7,0.7,1991-09-30,1,0.3,3.6,17.1,4.8,8.3,0
HOLX,1990,1990-09-30,9.4,28.3,0.09,3.8,10.4,0,2.6,2.6,1990-09-30,3.8,1.1,3.2,19.8,4,7.299999999999999,0
HOLX,1989,1989-09-30,4.3,24.6,0.06,1.7,7.2,0,1.4,1.4,1989-09-30,1.7,0.3,2.3,11.4,3.2,5.500000000000001,0
HOLX,1988,1988-09-30,2.3,21.7,0,0,2.3,0,0,0,1988-09-30,0,0,0.7,4.6,1.6,2.3,0
HOLX,1987,1987-09-30,0.2,18.8,-0.08,-1.6,-0.1,0,-1.6,-1.6,1987-09-30,-1.6,0,1,0.1,0.5,1.5,0
HD,2020,2020-02-02,72653,1097,10.24795,15843,37572,-1128,11242,11242,2020-02-02,14715,3473,,110225,19740,21729,0
HD,2019,2019-02-03,71043,1143,9.81913,15530,37160,-958,11121,11036,2019-02-03,14556,3520,,108203,19513,21630,-16
HD,2018,2018-01-28,66548,1184,7.39611,14681,34356,-983,8630,8757,2018-01-28,13698,4941,,100904,17864,19675,
HD,2017,2017-01-29,62282,1234,6.44814,13427,32313,-936,7957,7957,2017-01-29,12491,4534,,94595,17132,18886,
HD,2016,2016-01-31,58254,1283,5.46298,11774,30265,-753,7009,7009,2016-01-31,11021,4012,,88519,16801,18491,
HD,2015,2015-02-01,54787,1346,4.71397,10469,28389,-493,6345,6345,2015-02-01,9976,3631,,83176,16280,17920,0
HD,2014,2014-02-02,51422,1434,3.76,9166,27390,-699,5385,5385,2014-02-02,8467,3082,,78812,16597,18224,0
HD,2013,2013-02-03,48912,1511,3,7766,25842,-612,4535,4535,2013-02-03,7221,2686,,74754,16508,18076,67
HD,2012,2012-01-29,46133,1570,2.47,6661,24262,-593,3883,3883,2012-01-29,6068,2185,,70395,16028,17601,0
HD,2011,2011-01-30,44693,1658,2,5839,23304,-515,3338,3338,2011-01-30,5273,1935,,67997,15849,17465,-51
HD,2010,2010-01-31,43764,1692,1.57,4803,22412,-658,2661,2620,2010-01-31,3982,1362,,66176,15902,17609,-163
HD,2009,2009-02-01,47298,1686,1.68,4359,23990,-606,2260,2312,2009-02-01,3590,1278,,71288,17846,19631,-163
HD,2008,2008-02-03,51352,1856,2.27,7242,25997,-622,4395,4210,2008-02-03,6620,2410,,77349,17053,18755,0
HD,2007,2007-01-28,61054,2062,2.79,9673,29783,-365,5761,5761,2007-01-28,9308,3547,,90837,18348,20110,
HD,2006,2006-01-29,54191,2147,2.72,9363,27320,-81,5838,5838,2006-01-29,9282,3444,,81511,16485,17957,
HD,2005,2005-01-30,48664,2216,2.26,7926,24430,-14,5001,5001,2005-01-30,7912,2911,,73094,16504,16504,
HD,2004,2004-02-01,44236,2289,1.88,6846,20580,-3,4304,4304,2004-02-01,6843,2539,,64816,13734,13734,
HD,2003,2003-02-02,40139,2344,1.56,5830,18108,42,3664,3664,2003-02-02,5872,2208,,58247,12278,12278,
HD,2002,2002-02-03,37406,2353,1.29,4932,16147,25,3044,3044,2002-02-03,4957,1913,,53553,11215,11215,
HD,2001,2001-01-28,32057,2352,1.1,4191,13681,26,2581,2581,2001-01-28,4217,1636,,45738,9490,9490,
HD,2000,2000-01-30,27023,2342,1,3795,11411,9,2320,2320,2000-01-30,3804,1484,,38434,7616,7616,
HD,1999,1999-01-31,21614,2320,0.71,2661,8605,-7,1614,1614,1999-01-31,2654,1040,,30219,5944,5944,
HD,1998,1998-02-01,17375,2286,0.55,1896,6781,2,1160,1160,1998-02-01,1898,738,,24156,4781,4885,
HD,1997,1997-02-02,14101,2196,0.43,1534,5434,9,938,946,1997-02-02,1543,597,,19536,3900,3901,
HD,1996,1996-01-28,11185,2151,0.34,1180,4286,15,732,732,1996-01-28,1195,464,,15470,3106,3106,
HD,1995,1995-01-29,8991,2051,0.29,987,3485,-7,605,605,1995-01-29,980,375,,12477,2498,2499,
HD,1994,1994-01-30,6685,2039,0.22,707,2553,30,457,457,1994-01-30,737,279,,9239,1847,1847,
HD,1993,1993-01-31,5179,2002,0.18,549,1969,27,363,363,1993-01-31,576,213,,7148,1420,1420,
HD,1992,1992-02-02,3692,1867,0.13,382,1444,14,249,249,1992-02-02,396,147,,5137,1063,1063,
HD,1991,1991-02-03,2751,1626,0.1,266,1064,-6,163,163,1991-02-03,260,96,,3815,799,799,
HD,1990,1990-01-28,1992,1595,0.07,185,767,-3,112,112,1990-01-28,182,70,,2759,582,582,
HD,1989,1989-01-29,1460,1557,0.05,127,540,-1,77,77,1989-01-29,126,49,,2000,413,413,
HD,1988,1988-01-31,1050,1458,0.04,98,404,-3,54,54,1988-01-31,96,42,,1454,305,305,
HD,1987,1987-01-31,733,1211,0.02,58,278,-11,24,24,1987-01-31,47,23,,1011,220,220,
HD,1986,1986-02-02,519,1150,0.01,19,181,-7,8,8,1986-02-02,12,3,,701,162,163,
HD,1985,1985-02-03,318,1153,0.01,25,114,1,14,14,1985-02-03,26,12,,433,89,90,
HD,1984,1984-01-29,186,1131,0.01,17,70,2,10,10,1984-01-29,19,9,,256,53,54,
HD,1983,1983-01-30,84,1013,0.01,10,33,0,5,5,1983-01-30,10,5,,118,24,24,
HON,2019,2019-12-31,24339,730.3,8.61631,7559,12370,,6143,5949,2019-12-31,7559,1610,,36709,5519,4811,
HON,2018,2018-12-31,29046,753,9.99965,7487,12756,,6765,6388,2018-12-31,7487,1099,,41802,6051,5269,
HON,2017,2017-12-31,28144,772.1,6.76774,6950,12390,,1545,4608,2017-12-31,6950,2342,,40534,6087,5440,
HON,2016,2016-12-31,27677,775.3,6.70295,6452,11625,,4812,4849,2016-12-31,6452,1603,,39302,5574,5173,
HON,2015,2015-12-31,26747,789.3,6.55083,6586,11834,,4768,4847,2015-12-31,6586,1739,,38581,5006,5248,
HON,2014,2014-12-31,28957,795,5.9,5818,11349,,4239,4329,2014-12-31,5818,1489,,40306,5518,5531,9
HON,2013,2013-12-31,28364,797,5.53,5412,10691,,3924,3962,2013-12-31,5412,1450,,39055,5190,5279,8
HON,2012,2012-12-31,28291,792,4.11,3875,9374,,2926,2931,2012-12-31,3875,944,,37665,5218,5499,2
HON,2011,2011-12-31,28556,792,3.05,2282,7973,,2067,1865,2011-12-31,2282,417,,36529,5399,5691,36
HON,2010,2010-12-31,25519,781,3.14,2843,7851,,2022,2035,2010-12-31,2843,808,,33370,4717,5008,-39
HON,2009,2009-12-31,23185,756,3.29,2978,7723,,2153,2189,2009-12-31,2978,789,,30908,4341,4745,-16
HON,2008,2008-12-31,27086,744,4.13,3801,9470,,2792,2792,2008-12-31,3801,1009,,36556,4929,5669,20
HON,2007,2007-12-31,25805,774,3.65,3321,8784,,2444,2444,2007-12-31,3321,877,,34589,4517,5463,23
HON,2006,2006-12-31,23624,826,2.92,2798,7743,,2083,2078,2006-12-31,2798,720,,31367,4591,4945,8
HON,2005,2005-12-31,21465,852,1.85,2323,6188,,1655,1581,2005-12-31,2323,742,,27653,3707,3865,
HON,2004,2004-12-31,20585,862,1.36,1680,5016,,1281,1281,2004-12-31,1680,399,,25601,3316,3336,
HON,2003,2003-12-31,18235,862,1.5,1621,4868,,1305,1325,2003-12-31,1621,296,,23103,2950,3247,19
HON,2002,2002-12-31,17054,820,2,-945,5220,,-220,-220,2002-12-31,-945,-725,,22274,2712,6165,-15
HON,2001,2001-12-31,17991,812,2.2,-422,5661,,-99,-99,2001-12-31,-422,-323,,23652,2913,6083,
HON,2000,2000-12-31,19090,809,2.21,2398,5933,,1659,1659,2000-12-31,2398,739,,25023,3134,3535,
HON,1999,1999-12-31,17548,809,2.83,2248,6187,,1541,1541,1999-12-31,2248,707,,23735,2916,3939,
HON,1998,1998-12-31,11476,574,3.29,1962,3652,-66,1331,1331,1998-12-31,1943,612,,15128,1690,1690,47
HON,1997,1997-12-31,11481,580,2.57,1636,2991,-15,1170,1170,1997-12-31,1716,546,,14472,1581,1355,95
HON,1996,1996-12-31,11606,566,1.79,1509,2365,-50,1020,1020,1996-12-31,1553,533,,13971,1511,856,94
HON,1995,1995-12-31,11539,567,2.32,1260,2807,-34,875,875,1995-12-31,1261,386,,14346,1503,1547,35
HON,1994,1994-12-31,10299,566,1.34,1152,2518,-14,759,759,1994-12-31,1111,352,,12817,1366,1366,-27
HON,1993,1993-12-31,9551,566,1.14,954,2276,-35,411,656,1993-12-31,910,254,,11827,1338,1322,-9
HON,1992,1992-12-31,9923,564,1.45,415,2119,278,-712,535,1992-12-31,702,167,,12042,1336,1704,9
HON,1991,1991-12-31,9912,546,0.51,-291,1919,-90,-273,-273,1991-12-31,-390,-117,,11831,1363,2210,-9
HON,1990,1990-12-31,10226,553,0.84,730,2117,-177,462,462,1990-12-31,602,140,,12343,1387,1387,49
HON,1989,1989-12-31,9663,595,0.89,946,2279,-243,528,528,1989-12-31,769,241,,11942,1333,1333,66
HON,1988,1988-12-31,9606,597,0.81,846,2303,-312,463,463,1988-12-31,639,176,,11909,1425,1457,105
HON,1987,1987-12-31,8908,671,0.77,751,2208,-271,657,516,1987-12-31,758,242,,11116,1457,1457,278
HON,1986,1986-12-31,9111,703,1.2,1052,2683,-35,875,875,1986-12-31,1177,302,,11794,1631,1631,160
HON,1985,1985-12-31,7080,432,0.38,378,2035,-27,-97,-97,1985-12-31,405,502,,9115,1140,1657,54
HON,1984,1984-12-31,7121,323,1.26,1331,2341,-209,488,487,1984-12-31,1163,676,,9462,1000,1010,41
HON,1983,1983-12-31,6644,314,1.14,1074,2038,-149,98,448,1983-12-31,1038,590,,8682,964,964,113
HRL,2019,2019-10-27,7612.669,545.232,1.79521,1196.265,1884.648,13.45,978.806,979.148,2019-10-27,1209.715,230.567,32.5,9497.317,695.084,688.3829999999998,
HRL,2018,2018-10-28,7566.227,543.869,1.75223,1179.961,1979.473,1.323,1012.14,939.682,2018-10-28,1181.284,241.602,33.8,9545.7,807.405,799.5119999999997,
HRL,2017,2017-10-29,7170.883,539.116,1.57082,1276.742,1996.636,1.903,846.735,847.103,2017-10-29,1278.645,431.542,,9167.519,759.304,719.8940000000002,
HRL,2016,2016-10-30,7365.049,542.473,1.64197,1323.895,2158.175,-6.68,890.052,890.517,2016-10-30,1317.215,426.698,,9523.224,871.974,834.2799999999997,
HRL,2015,2015-10-25,7455.282,541.002,1.29406,1067.32,1808.581,-10.177,686.088,687.264,2015-10-25,1057.143,369.879,,9263.863,743.611,741.2609999999995,
HRL,2014,2014-10-26,7751.3,540.4,1.12,931.6,1565,-9.5,602.7,606,2014-10-26,922.2,316.1,,9316.3,650.9,633.3000000000002,
HRL,2013,2013-10-27,7338.8,540.4,0.97,806,1412.8,-7.5,526.2,530.1,2013-10-27,798.5,268.4,,8751.7,627.3,606.8999999999996,
HRL,2012,2012-10-28,6898.8,537.8,0.93,764.7,1331.9,-6.3,500.1,505,2012-10-28,758.3,253.4,,8230.7,605.9,567.1999999999998,
HRL,2011,2011-10-30,6561,543.8,0.87,742.3,1334.1,-23.4,474.2,479.2,2011-10-30,718.8,239.6,,7895.1,618.6,591.8000000000002,
HRL,2010,2010-10-31,5982,541.4,0.73,646.6,1238.7,-22,395.6,399.8,2010-10-31,624.6,224.8,,7220.7,605.3,592.1000000000004,
HRL,2009,2009-10-25,5434.8,542,0.63,533.4,1098.9,-8.4,342.8,342.8,2009-10-25,525,182.2,,6533.7,567.1,565.5,
HRL,2008,2008-10-26,5233.2,548.5,0.52,513.7,1521.7,-56.1,285.5,285.5,2008-10-26,457.5,172,,6754.9,1012.3,1008,
HRL,2007,2007-10-28,4778.5,556.6,0.54,483.9,1414.5,-14.1,301.9,301.9,2007-10-28,469.8,167.9,,6193,934.1,930.6000000000004,
HRL,2006,2006-10-29,4362.3,558.2,0.51,450.7,1383.2,-20.2,286.1,286.1,2006-10-29,430.5,144.4,,5745.5,937,932.5,
HRL,2005,2005-10-30,4131.4,558.3,0.45,424.1,1282.6,-19.2,253.5,253.5,2005-10-30,404.9,151.4,,5414,864,858.5,
HRL,2004,2004-10-30,3658.9,560.7,0.39,377.3,1121,-12.8,231.7,231.7,2004-10-30,364.6,132.9,,4779.9,768.2,743.5999999999999,
HRL,2003,2003-10-25,3187.2,558.8,0.33,310.4,1013.2,-21.1,185.8,185.8,2003-10-25,289.3,103.6,,4200.3,708.6,702.7000000000003,
HRL,2002,2002-10-26,2947.5,561.2,0.34,318.3,962.9,-24.3,189.3,189.3,2002-10-26,294,104.6,,3910.3,652.3,644.5999999999999,
HRL,2001,2001-10-27,2989.3,560.5,0.33,303.2,1134.8,-18.2,182.4,182.4,2001-10-27,285,102.6,,4124.1,834.5,831.5999999999999,
HRL,2000,2000-10-28,2674.9,566.1,0.3,263.1,1000.3,1.3,170.2,170.2,2000-10-28,264.4,94.2,,3675.1,737.7,737.0999999999999,
HRL,1999,1999-10-30,2379.7,588,0.28,247.9,978,3.6,163.4,163.4,1999-10-30,251.5,88,,3357.8,737.1,730.2000000000003,
HRL,1998,1998-10-31,2400.3,601.6,0.2,216.2,860.7,1.1,139.3,139.3,1998-10-31,217.3,78,,3261,677.2,644.5,
HRL,1997,1997-10-25,2497.7,613.8,0.17,176.7,758.9,-5.9,109.5,109.5,1997-10-25,170.9,61.4,,3256.6,590.7,582.1000000000004,
HRL,1996,1996-10-26,2398.3,613,0.14,113,700.4,12.5,79.4,79.4,1996-10-26,125.5,46.1,,3098.7,578.8,587.3999999999996,
HRL,1995,1995-10-28,2294.3,614.8,0.2,183.4,751.9,11.2,120.4,120.4,1995-10-28,194.7,74.2,,3046.2,568.5,568.3999999999996,
HRL,1994,1994-10-29,2345.5,614.8,0.19,187.1,719.3,-2.5,118,118,1994-10-29,191.1,73.1,,3064.8,532.2,532.1999999999998,6.5
HRL,1993,1993-10-31,2206.9,614.8,0.16,155.3,647.1,-1.4,-26.8,100.8,1993-10-31,161.1,60.4,,2854,491.7,491.7999999999997,7.2
HRL,1992,1992-10-31,2192.2,614,0.16,146.5,621.5,-3.9,95.2,95.2,1992-10-31,151.1,55.9,,2813.7,475,474.9000000000001,8.4
HRL,1991,1991-10-26,2273,611.6,0.14,133.7,563.2,-2.9,86.4,86.4,1991-10-26,137.9,51.5,,2836.2,429.5,429.5,7
HRL,1990,1990-10-27,2153.8,613.3,0.13,120,527.4,-3.3,77.1,77.1,1990-10-27,121.4,44.2,,2681.2,407.3,407.2999999999997,4.6
HRL,1989,1989-10-28,1853.6,613.2,0.11,109.8,486.9,-3.8,70.1,70.1,1989-10-28,110.8,40.7,,2340.5,377.1,377.0999999999999,4.8
HRL,1988,1988-10-29,1849.6,613.2,0.1,98.8,443.2,-8.7,60.2,60.2,1988-10-29,95.4,35.2,,2292.8,344.5,344.5,5.3
HRL,1987,1987-10-31,1934.7,613.9,0.07,87.9,379.4,-9.5,45.9,45.9,1987-10-31,79.9,33.9,,2314.1,291.6,291.4999999999998,1.6
HRL,1986,1986-10-25,1614.7,614.8,0.06,74.3,345.5,-7.9,39.1,39.1,1986-10-25,70.8,31.8,,1960.2,271.3,271.29999999999995,4.5
HRL,1985,1985-10-26,1185.1,614.8,0.06,80.2,317.2,-11.4,38.6,38.6,1985-10-26,71.7,33.1,,1502.2,237,237,3
HRL,1984,1984-10-27,1186.7,614.8,0.05,63.2,267.8,-11.1,29.5,29.5,1984-10-27,53.3,23.8,,1454.5,204.6,204.5999999999999,1.2
HRL,1983,1983-10-29,1180.5,614.8,0.05,61.1,237.2,-14,27.9,27.9,1983-10-29,50.8,22.9,,1417.7,176.1,176.0999999999999,3.7
HST,2019,2019-12-31,,731.1,0.89131,743,,-121,920,932,2019-12-31,962,30,,5469,3999,4726,6
HST,2018,2018-12-31,,740.6,0.69245,530,,-131,1087,1151,2018-12-31,1301,150,,5524,4057,4994,
HST,2017,2017-12-31,,739.1,0.62131,676,,-133,564,577,2017-12-31,651,74,,5387,3974,4711,
HST,2016,2016-12-31,,743.7,0.68074,684,,-126,762,771,2016-12-31,811,40,,5430,4037,4746,
HST,2015,2015-12-31,,752.9,0.64962,631,,-152,558,565,2015-12-31,574,9,,5350,4013,4719,
HST,2014,2014-12-31,,786.8,0.58421,694,,-175,732,741,2014-12-31,755,14,,5321,3944,4627,
HST,2013,2013-12-31,,747.9,0.17,512,,-314,317,210,2013-12-31,231,21,,5166,3957,4654,
HST,2012,2012-12-31,,719.6,0.13,383,,-352,61,13,2012-12-31,44,31,,5286,4163,4903,
HST,2011,2011-12-31,,693,0,324,,-344,-15,-12,2011-12-31,-13,-1,,4998,4024,4674,
HST,2010,2010-12-31,,656.1,-0.21,223,,-383,-130,-128,2010-12-31,-159,-31,,4437,3625,4214,
HST,2009,2009-12-31,,586.3,-0.25,98,,-399,-252,-248,2009-12-31,-287,-39,,4158,3398,4060,
HST,2008,2008-12-31,,564.9,0.69,748,,-351,427,402,2008-12-31,399,-3,,5288,3965,4540,
HST,2007,2007-12-31,,566.9,0.89,953,,-406,727,550,2007-12-31,553,3,,5426,4007,4473,
HST,2006,2006-12-31,,494.4,0.56,777,,-464,738,309,2006-12-31,314,5,,4888,3665,4111,
HST,2005,2005-12-31,,363.3,0.09,519,,-437,166,138,2005-12-31,162,24,,3881,3003,3362,0
HST,2004,2004-12-31,,344.7,-0.34,407,,-498,0,-64,2004-12-31,-74,-10,,3639,2879,3233,0
HST,2003,2003-12-31,,287.2,-0.92,316,,-526,14,-225,2003-12-31,-237,-12,,3436,2765,3132,-32
HST,2002,2002-12-31,,274.3,-0.25,425,,-453,-16,-29,2002-12-31,-23,6,,3680,2823,3255,
HST,2001,2001-12-31,,294.7,0.08,502,,-447,51,53,2001-12-31,61,8,,3752,2821,3252,
HST,2000,2000-12-31,0,295.3,1.08,566,1427,-505,156,159,2000-12-31,61,-98,,1427,314,907,
HST,1999,1999-12-31,0,314.9,0.94,692,1309,-512,211,196,1999-12-31,180,-16,,1309,301,684,
HST,1998,1998-12-31,843,262,0.82,561,2613,-387,47,194,1998-12-31,174,-20,,3456,1789,2160,
HST,1997,1998-01-02,669,212.8,0.22,402,466,-302,50,47,1998-01-02,83,36,,1135,47,76,-17
HST,1996,1997-01-03,461,192.8,-0.07,190,259,-237,-13,-13,1997-01-03,-8,5,,720,43,81,39
HST,1995,1995-12-29,281,161.8,-0.38,78,193,-178,-143,-62,1995-12-29,-75,-13,,474,36,125,25
HST,1994,1994-12-30,1310,154.8,-0.14,148,191,-206,-25,-25,1994-12-30,-29,-4,,1501,37,43,29
HST,1993,1993-12-31,1635,124,-0.73,88,156,-201,50,52,1993-12-31,124,72,,1791,63,68,26
HST,1992,1993-01-01,8239,108.8,0.62,354,483,-235,85,85,1993-01-01,150,65,,8722,129,129,31
HST,1991,1992-01-03,7867,103.7,0.78,353,464,-251,82,82,1992-01-03,145,63,,8331,111,111,43
HST,1990,1990-12-28,5014,103.9,0.45,216,2632,-183,47,47,1990-12-28,80,33,,7646,137,2416,47
HST,1989,1989-12-29,5115,114.5,0.36,197,2421,-185,177,181,1989-12-29,298,117,,7536,107,2224,55
HST,1988,1988-12-30,4430,121.7,1.55,408,2194,-136,232,189,1988-12-30,312,123,,6624,93,1786,40
HST,1987,1988-01-01,3968,136.7,1.37,378,1878,-90,223,187,1988-01-01,335,148,,5846,75,1500,47
HST,1986,1987-01-02,4098.6,139.7,1.37,377.5,1167.4,-60.3,191.2,191.2,1987-01-02,359.7,168.5,,5266,71.7,789.8999999999996,42.5
HST,1985,1986-01-03,3180.3,138,1.21,328.4,1061.4,-75.6,167.4,167.4,1986-01-03,295.7,128.3,,4241.7,54.2,733,42.9
HST,1984,1984-12-28,2462.3,137.9,0.98,284.8,1062.6,-61.6,139.8,135.3,1984-12-28,236.1,100.8,,3524.9,42.9,777.7999999999997,12.9
HST,1983,1983-12-30,2032.7,142,0.76,240.4,917.8,-62.8,115.2,108.4,1983-12-30,185.1,76.7,,2950.5,34.2,677.3999999999999,7.5
HWM,2019,2019-12-31,11227,463,2.13716,1035,2965,-312,470,470,2019-12-31,575,105,70,14192,704,1930,-141
HWM,2018,2018-12-31,11397,503,1.44204,1325,2617,-381,642,701,2018-12-31,868,167,103,14014,604,1292,-66
HWM,2017,2017-12-31,10221,451,0.66806,480,2739,-472,-74,198,2017-12-31,470,272,109,12960,715,2259,-51
HWM,2016,2016-12-31,9811,438,-2.33584,819,2583,-473,-941,-1062,2016-12-31,414,1476,132,12394,942,1764,79
HWM,2015,2015-12-31,10104,420,-0.23321,628,2309,-505,-322,-156,2015-12-31,183,339,169,12413,765,1681,18
HPQ,2019,2019-10-31,47586,1524,2.14928,3877,11170,-347,3152,3074,2019-10-31,2523,-551,1499,58756,5368,7293,-1007
HPQ,2018,2018-10-31,47803,1634,1.9737,3705,10669,-286,5327,2863,2018-10-31,3013,150,1404,58472,5099,6964,-406
HPQ,2017,2017-10-31,42478,1702,1.70476,3368,9578,-338,2526,2526,2017-10-31,3276,750,1190,52056,4532,6210,246
HPQ,2016,2016-10-31,39240,1743,1.68571,3549,8998,-313,2496,2666,2016-10-31,3761,1095,1209,48238,3840,5449,525
HPQ,2015,2015-10-31,41524,1836,2.02718,3920,9939,125,4554,3718,2015-10-31,3532,-186,1191,51463,4720,6019,-513
HPQ,2014,2014-10-31,84839,1912,3.27,7185,26615,-288,5013,5013,2014-10-31,6557,1544,3447,111454,13353,19430,-340
HPQ,2013,2013-10-31,86380,1950,3.03,7131,25918,-606,5113,5113,2013-10-31,6510,1397,3135,112298,13267,18787,-15
HPQ,2012,2012-10-31,92385,1974,0.31,-11057,27972,-876,-12650,-12650,2012-10-31,-11933,717,3399,120357,13500,39029,
HPQ,2011,2011-10-31,97529,2128,4.34,9677,29716,-695,7074,7074,2011-10-31,8982,1908,3254,127245,13466,20039,
HPQ,2010,2010-10-31,96089,2372,4.18,11479,29944,-505,8761,8761,2010-10-31,10974,2213,2959,126033,12585,18465,
HPQ,2009,2009-10-31,87524,2437,3.44,10136,27028,-721,7660,7660,2009-10-31,9415,1755,2819,114552,11613,16892,
HPQ,2008,2008-10-31,89921,2567,3.36,10473,28443,235,8329,8329,2008-10-31,10473,2144,3543,118364,13104,17970,-235
HPQ,2007,2007-10-31,78887,2716,2.71,8719,25399,698,7264,7264,2007-10-31,9177,1913,3611,104286,12226,16680,-240
HPQ,2006,2006-10-31,69427,2852,2.24,6560,22231,702,6198,6198,2006-10-31,7191,993,3591,91658,11266,15671,-71
HPQ,2005,2005-10-31,66440,2909,1.2,3367,20256,-13,2398,2398,2005-10-31,3543,1145,3490,86696,11184,16889,189
HPQ,2004,2004-10-31,60340,3055,1.22,4157,19565,4,3497,3497,2004-10-31,4196,699,3506,79905,11024,15408,35
HPQ,2003,2003-10-31,53857,3063,1.14,2896,19204,-29,2539,2539,2003-10-31,2888,349,3652,73061,11012,16308,21
HPQ,2002,2002-10-31,41579,2499,0.59,-998,15009,-106,-903,-923,2002-10-31,-1052,-129,3312,56588,9033,16007,52
HPQ,2001,2001-10-31,33474,1974,0.7,1039,11752,-455,408,624,2001-10-31,702,78,2670,45226,7259,10713,171
HPQ,2000,2000-10-31,34864,2077,1.73,3889,13918,-257,3697,3561,2000-10-31,4625,1064,2646,48782,7383,10029,993
HPQ,1999,1999-10-31,29720,2104,1.49,3688,12650,-202,3491,3104,1999-10-31,4194,1090,2440,42370,6522,8962,708
HPQ,1998,1998-10-31,32072,2144,1.39,3841,14989,-235,2945,2945,1998-10-31,4091,1146,3355,47061,7793,11148,485
HPQ,1997,1997-10-31,28319,2114,1.48,4339,14576,-215,3119,3119,1997-10-31,4455,1336,3078,42895,7159,10237,331
HPQ,1996,1996-10-31,25499,2104,1.23,3726,12921,-327,2586,2586,1996-10-31,3694,1108,2718,38420,6477,9195,295
HPQ,1995,1995-10-31,20014,2108,1.15,3568,11505,-206,2433,2433,1995-10-31,3632,1199,2302,31519,5635,7937,270
HPQ,1994,1994-10-31,15490,2083,0.77,2549,9501,-155,1599,1599,1994-10-31,2423,824,2027,24991,4925,6952,29
HPQ,1993,1993-10-31,12123,2023,0.58,1879,8194,-121,1177,1177,1993-10-31,1783,606,1761,20317,4554,6315,25
HPQ,1992,1992-10-31,9158,2021,0.44,1404,7252,-96,1213,881,1992-10-31,1325,444,1620,16410,4228,5848,17
HPQ,1991,1991-10-31,7858,2001,0.38,1210,6636,-130,755,755,1991-10-31,1127,372,1463,14494,3963,5426,47
HPQ,1990,1990-10-31,6993,1933,0.38,1162,6240,-172,739,739,1990-10-31,1056,317,1367,13233,3711,5078,66
HPQ,1989,1989-10-31,6091,1884,0.44,1212,5808,-126,829,829,1989-10-31,1151,322,1269,11899,3327,4596,65
HPQ,1988,1988-10-31,4832,1946,0.42,1084,4999,-77,816,816,1988-10-31,1142,326,1056,9831,2859,3915,135
HPQ,1987,1987-10-31,3867,2058,0.31,905,4223,-85,644,644,1987-10-31,962,318,930,8090,2388,3318,142
HPQ,1986,1986-10-31,3353,2049,0.25,780,3749,,516,516,1986-10-31,780,264,824,7102,2145,2969,0
HPQ,1985,1985-10-31,3166,2055,0.24,758,3339,,489,489,1985-10-31,758,269,685,6505,1896,2581,0
HPQ,1984,1984-10-31,2865,2052,0.32,860,3179,,665,665,1984-10-31,860,195,592,6044,1727,2319,0
HPQ,1983,1983-10-31,2195,2039,0.21,728,2515,,432,432,1983-10-31,728,296,493,4710,1294,1787,0
HUM,2019,2019-12-31,,134.727,20.09248,3192,,-242,2707,2693,2019-12-31,3456,763,,,236,61696,506
HUM,2018,2018-12-31,,138.403,17.152,2314,,-218,1683,1711,2018-12-31,2063,352,,,,54598,-33
HUM,2017,2017-12-31,,145.585,13.60065,4262,,-242,2448,2581,2017-12-31,4020,1439,,,,49505,
HUM,2016,2016-12-31,,150.917,4.06846,1741,,-189,614,614,2016-12-31,1552,938,,,,52638,
HUM,2015,2015-12-31,,151.142,7.50473,2617,,-186,1276,1276,2015-12-31,2431,1155,,,,51672,
HUM,2014,2014-12-31,,156,7.36,2362,,-192,1147,1147,2014-12-31,2170,1023,,,,46138,
HUM,2013,2013-12-31,,159,7.73,2061,,-140,1231,1231,2013-12-31,1921,690,,,,39252,
HUM,2012,2012-12-31,,163,7.48,2016,,-105,1222,1222,2012-12-31,1911,689,,,,37110,
HUM,2011,2011-12-31,,168,8.46,2344,,-109,1419,1419,2011-12-31,2235,816,,,,34488,
HUM,2010,2010-12-31,,170,6.47,1855,,-105,1099,1099,2010-12-31,1750,650,,,4663,32014,
HUM,2009,2009-12-31,,169,6.15,1708,,-106,1040,1040,2009-12-31,1602,562,,,4228,29253,
HUM,2008,2008-12-31,,169,4.26,1073,,-80,647,647,2008-12-31,993,346,,,3945,27873,
HUM,2007,2007-12-31,,170,4.91,1358,,-69,834,834,2007-12-31,1289,456,,,3476,23932,
HUM,2006,2006-12-31,,168,2.9,825,,-63,487,487,2006-12-31,762,275,,,3022,20591,
HUM,2005,2005-12-31,,165,1.87,461,,-39,308,308,2005-12-31,422,113,,,2177,13957,
HUM,2004,2004-12-31,,162,1.72,439,,-23,280,280,2004-12-31,416,136,,,1878,12665,
HUM,2003,2003-12-31,,162,1.54,362,,-17,229,229,2003-12-31,345,116,,,1841,11864,
HUM,2002,2002-12-31,,168,1.12,227,,-17,143,143,2002-12-31,210,67,,,1709,11034,
HUM,2001,2001-12-31,,167,1.03,208,,-25,117,117,2001-12-31,183,66,,,1545,9987,
HUM,2000,2000-12-31,,167,0.91,143,,-29,90,90,2000-12-31,114,24,,,1442,10371,
HUM,1999,1999-12-31,,168,-0.23,-371,,-33,-382,-382,1999-12-31,-404,-22,,,1368,10484,
HUM,1998,1998-12-31,,168,1.21,250,,-47,129,129,1998-12-31,203,74,,,1328,9531,
HUM,1997,1997-12-31,,166,1.3,290,,-20,173,173,1997-12-31,270,97,,,1116,7746,
HUM,1996,1996-12-31,,165,0.46,29,,-11,12,12,1996-12-31,18,6,,,940,6759,
HUM,1995,1995-12-31,,165,1.15,299,,-11,190,190,1995-12-31,288,98,,,571,4403,
HUM,1994,1994-12-31,,161,1.17,232,,25,176,176,1994-12-31,257,81,,,436,3422,
HUM,1993,1993-12-31,,159,0.56,150,,-7,89,89,1993-12-31,143,54,,,368,3045,
HUM,1992,1992-12-31,,159,0.06,17,,-2,9,9,1992-12-31,15,6,,,119,973,
HUM,1991,1992-08-31,,158,-0.02,-152,,-12,-114,-114,1992-08-31,-164,-50,,,357,2963,
HUM,1990,1991-08-31,,157,0.06,25,,-11,9,9,1991-08-31,14,5,,,321,2244,
HUM,1989,1990-08-31,,157,0.01,-13,,4,-4,-4,1990-08-31,-9,-5,,,225,1538,
HUM,1988,1989-08-31,,156,1.71,477,,-78,256,256,1989-08-31,399,143,,,184,3611,
HUM,1987,1988-08-31,,155,1.53,453,,-100,226,226,1988-08-31,353,127,,,155,2982,
HUM,1986,1987-08-31,,155,1.24,454,,-124,183,183,1987-08-31,330,147,,,0,2520,
HUM,1985,1986-08-31,,146,0.45,215,,-124,55,55,1986-08-31,91,36,,,0,2496,
HUM,1984,1985-08-31,,154,1.46,495,,-119,216,216,1985-08-31,376,160,,,687,2380,
HUM,1983,1984-08-31,,145,1.31,420,,-88,193,193,1984-08-31,332,139,,,645,2186,
HUM,1982,1983-08-31,,143,1.09,361,,-71,162,162,1983-08-31,290,128,,,533,1938,
HBAN,2019,2019-12-31,,1056.079,1.266,,,,1411,1411,2019-12-31,1659,248,,,,,
HBAN,2018,2018-12-31,,1105.985,1.19351,,,,1393,1390,2018-12-31,1628,238,,,,,
HBAN,2017,2017-12-31,,1136.186,0.87138,,,,1186,1063,2017-12-31,1394,331,,,,,
HBAN,2016,2016-12-31,,918.79,0.70548,,,,711.821,711.821,2016-12-31,919.762,207.941,,,,,
HBAN,2015,2015-12-31,,817.129,0.8113,,,,692.957,692.957,2015-12-31,913.605,220.648,,,,,
HBAN,2014,2014-12-31,,833.1,0.72,,,,632.4,632.4,2014-12-31,853,220.6,,,,,
HBAN,2013,2013-12-31,,844,0.72,,,,641.3,641.3,2013-12-31,868.8,227.5,,,,,
HBAN,2012,2012-12-31,,863.4,0.69,,,,631.3,631.3,2012-12-31,833.6,202.3,,,,,
HBAN,2011,2011-12-31,,867.6,0.59,,,,542.6,542.6,2011-12-31,707.2,164.6,,,,,
HBAN,2010,2010-12-31,,729.5,0.25,,,,312.3,312.3,2010-12-31,352.3,40,,,,,
HBAN,2009,2009-12-31,,532.8,-3.27,,,,-3094.2,-3094.2,2009-12-31,-3678.2,-584,,,,,
HBAN,2008,2008-12-31,,366.2,-0.49,,,,-113.8,-113.8,2008-12-31,-296,-182.2,,,,,
HBAN,2007,2007-12-31,,303.5,0.23,,,,75.2,75.2,2007-12-31,22.6,-52.5,,,,,
HBAN,2006,2006-12-31,,239.9,1.92,,,,461.2,461.2,2006-12-31,514.1,52.8,,,,,
HBAN,2005,2005-12-31,,233.5,1.77,,,,412.1,412.1,2005-12-31,543.6,131.5,,,,,
HBAN,2004,2004-12-31,,233.9,1.7,,,,398.9,398.9,2004-12-31,552.7,153.7,,,,,
HBAN,2003,2003-12-31,,231.6,1.69,,,,372.4,385.7,2003-12-31,524,138.3,,,,,
HBAN,2002,2002-12-31,,244,0.99,,,,323.7,323.7,2002-12-31,522.7,199,,,,,
HBAN,2001,2001-12-31,,251.7,0.74,,,,134.8,134.8,2001-12-31,95.5,-39.3,,,,,
HBAN,2000,2000-12-31,,249.6,1.46,,,,328.4,328.4,2000-12-31,459.9,131.4,,,,,
HBAN,1999,1999-12-31,,255.6,1.91,,,,422.1,422.1,1999-12-31,614.8,192.7,,,,,
HBAN,1998,1998-12-31,,258.3,1.41,,,,301.8,301.8,1998-12-31,440.1,138.4,,,,,
HBAN,1997,1997-12-31,,257.1,1.27,,,,292.7,292.7,1997-12-31,459.2,166.5,,,,,
HBAN,1996,1996-12-31,,258.7,1.18,,,,304.3,304.3,1996-12-31,457.3,153,,,,,
HBAN,1995,1995-12-31,,266.2,1.06,,,,281.8,281.8,1995-12-31,429.1,147.3,,,,,
HBAN,1994,1994-12-31,,220.9,1.1,,,,242.6,242.6,1994-12-31,366.5,123.9,,,,,
HBAN,1993,1993-12-31,,217,1.09,,,,236.9,236.9,1993-12-31,363.8,126.9,,,,,
HBAN,1992,1992-12-31,,213.8,0.75,,,,161,161,1992-12-31,233.4,72.4,,,,,
HBAN,1991,1991-12-31,,212.6,0.63,,,,133.9,133.9,1991-12-31,190.1,56.2,,,,,
HBAN,1990,1990-12-31,,162.8,0.52,,,,85.2,85.2,1990-12-31,114.8,29.6,,,,,
HBAN,1989,1989-12-31,,156,0.69,,,,108,108,1989-12-31,143.6,35.6,,,,,
HBAN,1988,1988-12-31,,154.7,0.63,,,,98.1,98.1,1988-12-31,125.8,27.7,,,,,
HBAN,1987,1987-12-31,,154.6,0.37,,,,57.4,57.4,1987-12-31,61.3,3.9,,,,,
HBAN,1986,1986-12-31,,126.1,0.54,,,,67.9,67.9,1986-12-31,85.3,17.4,,,,,
HBAN,1985,1985-12-31,,116.7,0.49,,,,57.6,57.6,1985-12-31,74.6,17.1,,,,,
HBAN,1984,1984-12-31,,96.5,0.47,,,,45.2,45.2,1984-12-31,57.9,12.6,,,,,
HBAN,1983,1983-12-31,,83.7,0.29,,,,24.5,24.5,1983-12-31,19.9,-4.6,,,,,
HII,2019,2019-12-31,7368,41.4,13.82392,736,1531,-70,549,549,2019-12-31,683,134,23,8899,765,795,17
HII,2018,2018-12-31,6385,43.8,19.08676,951,1791,-58,836,836,2018-12-31,971,135,25,8176,846,840,78
HII,2017,2017-12-31,5813,45.8,10.45852,881,1628,-94,479,479,2017-12-31,772,293,17,7441,742,747,-15
HII,2016,2016-12-31,5608,47.2,12.13983,858,1460,-74,573,573,2016-12-31,784,211,,7068,623,602,0
HII,2015,2015-12-31,5517,48.3,9.357,769,1503,-137,404,404,2015-12-31,632,228,,7020,669,734,0
HII,2014,2014-12-31,5540,49.3,7.49155,655,1417,-149,338,338,2014-12-31,507,169,,6957,726,762,1
HII,2013,2013-12-31,5583,50.4,5.18,512,1237,-118,261,261,2013-12-31,394,133,,6820,739,725,
HII,2012,2012-12-31,5629,50.1,2.91,358,1079,-117,146,146,2012-12-31,241,95,,6708,739,721,
HII,2011,2011-12-31,5571,48.8,1.81,100,1004,-104,-100,-100,2011-12-31,-4,96,,6575,634,904,
HII,2010,2010-12-31,5831,48.8,2.68,241,892,-40,131,131,2010-12-31,199,68,,6723,670,651,-2
HII,2009,2009-12-31,5442,48.8,2.54,211,850,-36,124,124,2009-12-31,176,52,,6292,639,639,1
HII,2008,2008-12-31,5489,48.8,-16.44,-2354,700,-40,-2420,-2420,2008-12-31,-2394,26,,6189,564,3054,0
IEX,2019,2019-12-31,1369.539,76.454,5.90155,579.003,1125.034,-44.341,425.521,425.187,2019-12-31,532.903,107.716,,2494.573,524.987,546.031,-1.759
IEX,2018,2018-12-31,1365.771,77.563,5.34972,569.088,1117.895,-44.134,410.573,405.673,2018-12-31,528.939,123.266,,2483.666,536.724,548.807,3.985
IEX,2017,2017-12-31,1260.634,77.333,4.35197,502.556,1026.678,-44.889,337.257,337.157,2017-12-31,455.273,118.116,,2287.312,524.94,524.1220000000001,-2.394
IEX,2016,2016-12-31,1182.276,76.758,3.78092,412.397,930.767,-45.616,271.109,271.109,2016-12-31,368.512,97.403,,2113.043,492.398,518.3699999999999,1.731
IEX,2015,2015-12-31,1116.353,77.972,3.56388,436.99,904.315,-41.636,282.807,282.807,2015-12-31,392.345,109.538,,2020.668,474.156,467.32500000000005,-3.009
IEX,2014,2014-12-31,1198.5,80.7,3.58,431.2,949.3,-41.9,279.4,279.4,2014-12-31,392.4,113.1,,2147.8,504.4,518,3.1
IEX,2013,2013-12-31,1150.8,82.5,3.09,395.5,873.4,-42.2,255.2,255.2,2013-12-31,353.1,97.9,,2024.1,477.9,477.79999999999995,-0.2
IEX,2012,2012-12-31,1150.6,83.6,1.66,128.2,803.7,-42.3,37.6,37.6,2012-12-31,86.2,48.6,,1954.3,444.5,675.4000000000001,0.2
IEX,2011,2011-12-31,1099.8,83.5,2.42,304.7,738.7,-29.3,193.9,193.9,2011-12-31,273.9,80,,1838.5,421.7,434,-1.4
IEX,2010,2010-12-31,894.6,82,2.01,249.1,618.5,-16.2,157.1,157.1,2010-12-31,231.9,74.8,,1513.1,358.3,369.4,-1.1
IEX,2009,2009-12-31,807.3,80.7,1.51,184.9,522.4,-17.2,113.4,113.4,2009-12-31,168.8,55.4,,1329.7,325.5,337.5,1.2
IEX,2008,2008-12-31,885.6,82.3,1.98,212.4,603.9,-18.9,131.4,131.4,2008-12-31,198.7,67.3,,1489.5,343.4,391.4,5.1
IEX,2007,2007-12-31,790.2,82.1,1.9,255.1,568.4,-23.4,155.1,155.9,2007-12-31,235.2,79.3,,1358.6,313.4,313.29999999999995,3.4
IEX,2006,2006-12-31,677.5,81,1.65,217.2,477.4,-16.4,146.7,133.7,2006-12-31,201.9,68.2,,1154.9,260.2,260.20000000000005,1
IEX,2005,2005-12-31,619.4,78.9,1.39,182.8,423.8,-14.4,109.8,109.8,2005-12-31,168.9,59.1,,1043.3,241.1,241.10000000000002,0.6
IEX,2004,2004-12-31,557.5,77,1.12,149.4,370.8,-14.8,86.4,86.4,2004-12-31,133.9,47.5,,928.3,221.4,221.39999999999998,-0.7
IEX,2003,2003-12-31,488.6,75,0.83,109.9,309.3,-14.1,62.4,62.4,2003-12-31,96.7,34.3,,797.9,199.5,199.5,0.9
IEX,2002,2002-12-31,460.6,73.1,0.74,100.4,281.4,-16.4,54.1,54.1,2002-12-31,83.9,29.8,,742,181.3,181,-0.1
IEX,2001,2001-12-31,463.2,69.9,0.77,73.4,263.7,-20.7,32.7,32.7,2001-12-31,53.4,20.7,,726.9,164.9,190.3,0.7
IEX,2000,2000-12-31,426.3,68.9,1.05,116.5,278,-16.5,63.4,63.4,2000-12-31,101,37.6,,704.3,149.6,161.49999999999994,1
IEX,1999,1999-12-31,398.6,67.7,0.94,104.7,256.5,-18,54.4,54.4,1999-12-31,87.2,32.8,,655,140.5,151.79999999999995,0.6
IEX,1998,1998-12-31,387.3,67.6,0.96,109.5,252.8,-22.4,62.1,54.4,1998-12-31,87.7,33.3,,640.1,132.6,143.3,0.5
IEX,1997,1997-12-31,329.8,67.5,0.91,103.6,222.4,-18.4,58.6,53.5,1997-12-31,84.5,31,,552.2,110.6,118.80000000000001,-0.7
IEX,1996,1996-12-31,346.4,67,0.84,98.3,216.2,-18.9,50.2,50.2,1996-12-31,78.9,28.7,,562.6,111.5,117.80000000000001,-0.5
IEX,1995,1995-12-31,299.3,66.6,0.74,86.2,188,-15.9,45.3,45.3,1995-12-31,71,25.7,,487.3,97.5,101.80000000000001,0.8
IEX,1994,1994-12-31,246.9,66,0.51,68.7,152.6,-13.6,33.6,33.6,1994-12-31,52.5,18.9,,399.5,84,83.9,-2.6
IEX,1993,1993-12-31,190.3,65.5,0.39,50.1,118.4,-11,25.3,25.3,1993-12-31,38.3,13,,308.6,68.2,68.19999999999999,-0.8
IEX,1992,1992-12-31,171.2,63.9,0.32,42.9,106,-12.2,16.7,20.1,1992-12-31,31,10.8,,277.1,63.1,63.10000000000002,0.3
IEX,1991,1991-12-31,143.1,57.1,0.28,38.1,85.1,-12.7,17.1,15.9,1991-12-31,25.7,9.8,,228.2,47,47,0.4
IEX,1990,1990-12-31,143.5,54.7,0.29,40.3,84.9,-15.6,17.8,15.7,1990-12-31,25.8,10.1,,228.4,44.5,44.599999999999994,1
IEX,1989,1989-12-31,136.4,46.2,0.26,42,84.6,-17.8,18.1,15.1,1989-12-31,25.1,10,,221,42.6,42.599999999999994,1
IEX,1988,1988-12-31,126.2,35.4,0.15,37,74.2,-18.6,15.2,10.7,1988-12-31,18.6,8,,200.4,37.1,37.10000000000001,0.1
IDXX,2019,2019-12-31,1041.359,87.542,4.88588,552.846,1365.549,-30.628,427.72,427.792,2019-12-31,522.218,94.426,133.193,2406.908,678.41,812.703,
IDXX,2018,2018-12-31,971.7,88.47,4.30976,491.335,1241.542,-33.593,377.031,379.147,2018-12-31,457.742,78.595,117.863,2213.242,626.644,750.2069999999999,
IDXX,2017,2017-12-31,871.676,89.567,3.28407,413.028,1097.382,-31.971,263.144,294.269,2017-12-31,381.057,86.788,109.182,1969.058,574.072,684.3539999999999,
IDXX,2016,2016-12-31,799.987,90.884,2.44317,350.239,975.436,-28.393,222.045,222.054,2016-12-31,321.846,99.792,101.122,1775.423,522.775,625.197,
IDXX,2015,2015-12-31,711.622,93.649,2.11272,299.912,890.27,-26.771,192.078,192.135,2015-12-31,273.141,81.006,99.681,1601.892,482.465,590.3580000000001,
IDXX,2014,2014-12-31,669.7,101.5,1.79,260.3,816.1,-13.7,181.9,182,2014-12-31,246.6,64.6,98.3,1485.8,457.6,555.8999999999999,
IDXX,2013,2013-12-31,620.9,108,1.74,266.8,756.1,-3.5,187.8,187.8,2013-12-31,263.3,75.5,88,1377.1,401.4,489.4,
IDXX,2012,2012-12-31,594.2,112.3,1.59,262.6,699.1,-1.9,178.3,178.3,2012-12-31,260.6,82.3,82,1293.3,354.6,436.5999999999999,
IDXX,2011,2011-12-31,572.2,116.4,1.39,236.2,646.5,-1.8,161.8,161.8,2011-12-31,234.4,72.7,76,1218.7,334.2,410.29999999999995,
IDXX,2010,2010-12-31,524.8,119.1,1.19,203.9,578.6,-1.8,141.3,141.3,2010-12-31,202.1,60.8,68.6,1103.4,306.1,374.70000000000005,
IDXX,2009,2009-12-31,505.4,121.4,1.01,176,526.3,-1.4,122.2,122.2,2009-12-31,174.5,52.3,65.1,1031.6,285.2,350.30000000000007,
IDXX,2008,2008-12-31,494.3,124.5,0.93,172.5,529.8,-2.3,116.2,116.2,2008-12-31,170.2,54,70.7,1024,286.6,357.3,
IDXX,2007,2007-12-31,459,128.9,0.73,136.2,463.5,-1.3,94,94,2007-12-31,134.8,40.8,67.3,922.6,260,327.4,
IDXX,2006,2006-12-31,359.6,131.8,0.71,127.9,379.5,2.8,93.7,93.5,2006-12-31,130.8,37.2,53.6,739.1,198,251.60000000000002,
IDXX,2005,2005-12-31,315.2,136.2,0.57,115.3,322.9,3.1,78.3,77.8,2005-12-31,118.5,40.7,40.9,638.1,166.6,207.59999999999997,
IDXX,2004,2004-12-31,270.2,143.2,0.55,108,279,3.1,78.3,77.9,2004-12-31,111.1,33.2,35.4,549.2,135.6,170.90000000000003,
IDXX,2003,2003-12-31,245.7,143.7,0.4,80.4,230.3,2.9,57.1,57,2003-12-31,83.3,26.3,32.3,476,117.6,149.90000000000003,
IDXX,2002,2002-12-31,219.9,140.2,0.32,65.8,192.7,3,45.4,45.4,2002-12-31,68.8,23.4,29.3,412.7,97.6,126.99999999999997,
IDXX,2001,2001-12-31,202.8,138.6,0.31,56.6,183.3,2.2,37.6,37.6,2001-12-31,58.8,21.2,28.4,386.1,98.4,126.69999999999999,
IDXX,2000,2000-12-31,190.3,144.3,0.31,53.3,177.2,5,36.6,36.6,2000-12-31,58.2,21.6,28.3,367.4,95.6,123.89999999999998,
IDXX,1999,1999-12-31,186.4,159,0.25,46.8,172,5.7,32.6,32.6,1999-12-31,52.5,20,27.3,358.4,97.9,125.20000000000002,
IDXX,1998,1998-12-31,164.2,154.1,0.18,-8.1,157.5,6.9,-15.2,-15.2,1998-12-31,-1.2,14,22.7,321.7,105.7,165.60000000000002,
IDXX,1997,1997-12-31,144.8,151.9,0.04,-38.9,119.6,6.7,-21.1,-21.1,1997-12-31,-32.3,-11.1,17.1,264.4,107,158.59999999999997,
IDXX,1996,1996-12-31,118.4,158.1,0.21,47,150.4,8.3,32.6,32.6,1996-12-31,55.3,22.7,12.2,268.8,91.2,103.4,
IDXX,1995,1995-12-31,80.9,141.4,0.17,33,107.7,4.1,21.5,21.5,1995-12-31,37,15.5,10.2,188.6,64.6,74.69999999999999,
IDXX,1994,1994-12-31,53.2,134.1,0.11,22.7,73.1,0.1,13.3,13.3,1994-12-31,22.8,9.5,8.2,126.4,42.2,50.5,
IDXX,1993,1993-12-31,38,132.5,0.08,13.9,54.8,1.1,9.7,9.7,1993-12-31,15,5.4,6.9,92.7,33.6,41.099999999999994,
IDXX,1992,1992-12-31,26.5,123.3,0.04,6,34.2,1,5.4,5.4,1992-12-31,7,1.6,5.2,60.6,23.8,28.9,
IDXX,1991,1991-12-31,12.9,91.5,0.03,2.6,15.8,0.7,3,3,1991-12-31,3.3,0.3,3.9,28.6,11.3,15.1,
IDXX,1990,1990-12-31,10.5,55.5,0.02,-4.8,12.7,0.7,-4.1,-4.1,1990-12-31,-4.1,0,3.5,23.2,10.2,18.8,
IDXX,1989,1989-12-31,8.9,59.5,0.02,1.1,7.5,0.3,1.4,1.4,1989-12-31,1.4,0,2.5,16.4,5.8,8.4,
INFO,2019,2019-11-30,1657,409.2,1.19739,1003.5,2757.6,-257.8,502.7,500.3,2019-11-30,742.9,242.6,,4414.6,1197.9,1754.1,-2.8
INFO,2018,2018-11-30,1495.7,406.9,1.2973,641.3,2513.5,-222.6,542.3,398.7,2018-11-30,424.3,25.6,,4009.2,1192.8,1872.2,5.6
INFO,2017,2017-11-30,1348.4,416.2,1.18659,531.1,2251.3,-152.1,416.9,422,2017-11-30,372.1,-49.9,,3599.7,1096,1720.1999999999998,-6.9
INFO,2016,2016-11-30,1037.7,316.3,0.83212,260.4,1697.1,-118.1,152.8,147.4,2016-11-30,142.3,-5.1,,2734.8,907.1,1436.7,
INFO,2015,2015-12-31,,189.79672,0.99437,252.3,,-19.3,152.5,152.1,2015-12-31,222.1,70,,1113.4,573.6,861.1,-10.9
INFO,2014,2015-11-30,819.2,246.4,0.9,307.8,1365.1,-70,240.2,188.9,2015-11-30,237.8,48.9,,2184.3,795.3,1057.3,
INFO,2013,2014-12-31,,184.5,1.19,243.4,,-11.1,165.2,164.1,2014-12-31,220.6,56.5,,1065.1,516.7,821.7,-11.7
INFO,2014,2014-11-30,815.2,245.8,0.76,277.5,1264.6,-54.4,194.5,178,2014-11-30,223.1,45.1,,2079.8,789.8,987.0999999999999,
INFO,2013,2013-12-31,,178.9,1.03,230.1,,-6.2,139.4,147,2013-12-31,210.7,63.7,,947.9,457.2,717.8,-13.2
INFO,2012,2012-12-31,,178.9,0.88,224.7,,-19.4,125,153.1,2012-12-31,195.8,42.7,,860.6,421.9,635.9,-9.5
INFO,2011,2011-12-31,,178.9,0.78,229.7,,-22.6,125.8,156.2,2011-12-31,206.8,50.6,,762.5,371.6,532.8,-0.3
INFO,2010,2010-12-31,,178.9,,,,,,,2010-12-31,,,,668.4,,,
INFO,2009,2009-12-31,,178.9,,,,,,,2009-12-31,,,,478.1,,,
ITW,2019,2019-12-31,8187,325.6,7.63902,3446,5922,-187,2521,2521,2019-12-31,3288,767,,14109,2361,2476,29
ITW,2018,2018-12-31,8604,337.1,7.60757,3582,6164,-214,2563,2563,2018-12-31,3394,831,,14768,2391,2582,26
ITW,2017,2017-12-31,8306,346.8,6.56331,3486,6008,-224,1687,2345,2017-12-31,3270,925,,14314,2412,2522,8
ITW,2016,2016-12-31,7908,357.1,5.7222,3044,5691,-142,2035,2035,2016-12-31,2908,873,,13599,2411,2647,6
ITW,2015,2015-12-31,7888,370.1,5.10463,2883,5517,-169,1899,1899,2015-12-31,2719,820,,13405,2417,2634,5
ITW,2014,2014-12-31,8673,405,4.69,2882,5811,-178,2946,1890,2014-12-31,2699,809,,14484,2678,2929,-5
ITW,2013,2013-12-31,8554,449,3.59,2539,5581,-196,1679,1630,2013-12-31,2347,717,,14135,2815,3042,4
ITW,2012,2012-12-31,11455,473,3.88,2869,6469,-204,2870,2495,2012-12-31,3603,1108,,17924,3332,3600,5
ITW,2011,2011-12-31,11518,495,4.08,2731,6269,-139,2071,2017,2011-12-31,2593,576,,17787,3282,3538,0
ITW,2010,2010-12-31,10240,503,3.04,2357,5630,-148,1527,1527,2010-12-31,2212,685,,15870,3059,3274,4
ITW,2009,2009-12-31,9145,502,2.1,1386,4732,-167,947,969,2009-12-31,1214,244,,13877,3037,3346,-5
ITW,2008,2008-12-31,10273,521,3.04,2338,5597,-107,1519,1583,2008-12-31,2191,608,,15869,3073,3258,-40
ITW,2007,2007-12-31,10455,556,3.29,2624,5715,-47,1870,1826,2007-12-31,2581,755,,16171,2931,3092,4
ITW,2006,2006-12-31,9077,570,3.02,2421,4978,14,1718,1718,2006-12-31,2445,728,,14055,2432,2557,-5
ITW,2005,2005-12-31,8364,575,2.63,2259,4558,-63,1495,1495,2005-12-31,2182,687,,12922,2215,2299,-2
ITW,2004,2004-12-31,7591,610,2.23,2057,4140,-53,1339,1340,2004-12-31,1999,660,,11731,2024,2084,1
ITW,2003,2003-12-31,6528,618,1.69,1633,3508,-50,1024,1040,2003-12-31,1576,536,,10036,1850,1874,-6
ITW,2002,2002-12-31,6214,616,1.53,1506,3254,-60,713,932,2002-12-31,1434,502,,9468,1720,1748,-1
ITW,2001,2001-12-31,6191,613,1.46,1306,3102,-57,806,802,2001-12-31,1231,428,,9293,1691,1796,-3
ITW,2000,2000-12-31,6485,609,1.79,1563,3498,-65,958,958,2000-12-31,1478,520,,9984,1813,1935,-6
ITW,1999,1999-12-31,6043,609,1.58,1405,3291,-55,841,841,1999-12-31,1353,512,,9333,1730,1885,2
ITW,1998,1998-12-31,3626,505,1.43,1079,2022,-5,673,673,1998-12-31,1060,387,,5648,891,943,-4
ITW,1997,1997-12-31,3379,504,1.24,927,1842,-1,587,587,1997-12-31,924,337,,5220,870,914,-1
ITW,1996,1996-12-31,3282,499,1.04,801,1715,-21,486,486,1996-12-31,770,284,,4997,875,914,-6
ITW,1995,1995-12-31,2717,475,0.87,627,1435,-32,388,388,1995-12-31,624,236,,4152,777,809,29
ITW,1994,1994-12-31,2290,454,0.66,475,1171,-25,278,278,1994-12-31,450,173,,3461,667,696,0
ITW,1993,1993-12-31,2122,452,0.51,369,1037,-35,207,207,1993-12-31,336,129,,3159,639,668,1
ITW,1992,1992-12-31,1859,447,0.48,344,953,-43,192,192,1992-12-31,310,118,,2812,587,609,9
ITW,1991,1991-12-31,1759,445,0.46,304,880,-44,181,181,1991-12-31,288,107,,2640,553,577,29
ITW,1990,1990-12-31,1689,435,0.42,345,855,-39,182,182,1990-12-31,300,118,,2544,510,510,-6
ITW,1989,1989-12-31,1452,428,0.38,303,721,-31,164,164,1989-12-31,269,105,,2173,418,418,-3
ITW,1988,1988-12-31,1288,421,0.33,273,642,-26,140,140,1988-12-31,233,93,,1930,369,369,-14
ITW,1987,1987-12-31,1120,413,0.26,240,579,-33,106,106,1987-12-31,200,94,,1698,339,339,-6
ITW,1986,1986-12-31,623,409,0.21,114,338,-14,80,80,1986-12-31,143,64,,961,213,224,44
ITW,1985,1985-12-31,391,402,0.08,82,205,,32,32,1985-12-31,70,38,,596,123,123,-12
ITW,1984,1984-12-31,383,401,0.15,94,210,,60,60,1984-12-31,99,39,,592,116,115,5
ITW,1983,1983-12-31,325,399,0.12,68,173,,50,50,1983-12-31,83,33,,498,105,105,15
ILMN,2019,2019-12-29,1076,149,6.40391,1039,2467,75,1002,990,2019-12-29,1118,128,647,3543,835,1428,4
ILMN,2018,2018-12-30,1033,149,5.61745,883,2300,8,826,793,2018-12-30,894,101,623,3333,794,1417,3
ILMN,2017,2017-12-31,908,148,6.04229,606,1844,435,726,828,2017-12-31,1043,215,541,2752,674,1238,2
ILMN,2016,2017-01-01,731.925,148.04,3.08392,587.032,1666.448,-23.382,462.649,428.09,2017-01-01,561.178,133.088,504.415,2398.373,583.005,1079.416,-2.472
ILMN,2015,2016-01-03,670.472,149.069,3.15029,612.841,1549.29,-21.496,461.559,457.39,2016-01-03,583.142,125.752,401.527,2219.762,524.657,936.4490000000001,-8.203
ILMN,2014,2014-12-28,563.6,149,2.02,514.7,1297.7,-33.4,353.4,353.4,2014-12-28,448.8,95.4,386.5,1861.4,463.5,782.9999999999999,-32.6
ILMN,2013,2013-12-29,509.3,139.9,1.57,134.1,911.9,26.6,125.3,125.3,2013-12-29,159.3,34,276.2,1421.2,368,777.8,-1.3
ILMN,2012,2012-12-30,375,133.7,1.06,200.8,773.5,-21.6,151.3,151.3,2012-12-30,222.6,71.4,231,1148.5,286,572.8,-2.5
ILMN,2011,2012-01-01,346.4,138.9,1.06,199.5,709.1,-27.7,86.6,86.6,2012-01-01,133,46.4,196.9,1055.5,261.8,509.70000000000005,-38.7
ILMN,2010,2011-01-02,301.2,143.4,0.85,211.7,601.5,-16.2,124.9,124.9,2011-01-02,185.4,60.5,177.9,902.7,220.5,389.90000000000003,-10.1
ILMN,2009,2010-01-03,212.4,137.1,0.58,125.6,453.9,-12.7,72.3,72.3,2010-01-03,114.1,41.8,140.6,666.3,176.3,328.30000000000007,1.2
ILMN,2008,2008-12-28,216.1,133.6,0.41,80.5,357.2,-9.7,39.4,39.4,2008-12-28,72.7,33.3,100,573.2,148,276.70000000000005,1.9
ILMN,2007,2007-12-30,134.9,108.3,-0.5,-301.2,231.9,-2.3,-287.3,-287.3,2007-12-30,-303.5,-16.2,73.9,366.8,101.3,533.1,0
ILMN,2006,2006-12-31,59.3,97.5,0.41,37.8,125.2,4.8,40,40,2006-12-31,42.6,2.7,33.4,184.6,54.1,87.50000000000001,
ILMN,2005,2006-01-01,23.2,80.3,-0.13,-21.4,50.3,0.7,-20.9,-20.9,2006-01-01,-20.7,0.2,27.8,73.5,28.2,71.7,
ILMN,2004,2005-01-02,13.3,71.7,-0.12,-5.5,37.3,-0.6,-6.2,-6.2,2005-01-02,-6.1,0.1,21.5,50.6,25.6,42.8,
ILMN,2003,2003-12-28,10,63.9,-0.41,-26.6,18,-0.4,-27.1,-27.1,2003-12-28,-27.1,0,22.5,28,21.4,44.7,
ILMN,2002,2002-12-29,3.5,61.8,-0.52,-41.9,6.5,1.5,-40.3,-40.3,2002-12-29,-40.3,0,26.8,10,13.5,48.4,
ILMN,2001,2001-12-30,0.6,59.5,-0.42,-30.3,1.9,5.5,-24.8,-24.8,2001-12-30,-24.8,0,20.7,2.5,11.5,32.199999999999996,
ILMN,2000,2000-12-31,,27.1,-0.69,-23.2,,4.6,-18.6,-18.6,2000-12-31,-18.6,0,13.6,1.3,11,24.5,
ILMN,1999,1999-12-31,,2.8,-1.96,-5.9,,0.4,-5.5,-5.5,1999-12-31,-5.5,0,4.1,0.5,2.3,6.4,
ILMN,1998,1998-12-31,,1.3,-0.86,-1.2,,0,-1.1,-1.1,1998-12-31,-1.1,0,0.8,0,0.4,1.2,
INCY,2019,2019-12-31,92.749,217.657,2.13628,402.006,2066.01,84.785,446.906,446.906,2019-12-31,486.791,39.885,1154.111,2158.759,468.711,1664.004,
INCY,2018,2018-12-31,72.623,215.635,0.62299,129.223,1809.26,-45.636,109.493,109.493,2018-12-31,115.347,5.854,1197.957,1881.883,434.407,1680.037,31.76
INCY,2017,2017-12-31,57.979,204.58,-1.50618,-243.387,1478.237,-31.175,-313.142,-313.142,2017-12-31,-312.29,0.852,1326.134,1536.216,366.286,1721.624,-37.728
INCY,2016,2016-12-31,45.587,194.125,0.62397,144.998,1060.132,-37.594,104.222,104.222,2016-12-31,107.404,3.182,581.861,1105.719,303.251,915.134,
INCY,2015,2015-12-31,26.972,187.302,0.03487,50.651,726.779,-43.095,6.531,6.531,2015-12-31,7.556,1.025,479.514,753.751,196.614,676.128,0
INCY,2014,2014-12-31,3.004,167.947,-0.28867,-4.804,508.491,-43.478,-48.481,-48.481,2014-12-31,-48.547,-0.066,347.523,511.495,165.772,513.295,-11.484
INCY,2013,2013-12-31,0.6,148.4,-0.48,-34,354.3,-37.3,-83.1,-83.1,2013-12-31,-82.8,0.3,260.4,354.9,110,388.4,-11.5
INCY,2012,2012-12-31,0.2,129.7,-0.34,1.1,296.9,-45.3,-44.3,-44.3,2012-12-31,-44.1,0.2,210.4,297.1,85.4,295.7,
INCY,2011,2011-12-31,,125.4,-1.48,-143.2,,-43.4,-186.5,-186.5,2011-12-31,-186.5,0,178.7,94.5,58.2,237.6,
INCY,2010,2010-12-31,,121.6,-0.23,10.1,,-41.9,-31.8,-31.8,2010-12-31,-31.8,0,123.9,169.9,32.3,159.8,
INCY,2009,2009-12-31,,102.9,-1.65,-179.8,,-32.1,-211.9,-211.9,2009-12-31,-211.9,0,119.4,9.3,27.6,189.1,0
INCY,2008,2008-12-31,,89.8,-2,-159.3,,-19.6,-178.9,-178.9,2008-12-31,-178.9,0,146.4,3.9,17.1,163.2,0
INCY,2007,2007-12-31,,84.2,-1.04,-85.3,,-1.6,-86.9,-86.9,2007-12-31,-86.9,0,104.9,34.4,15.2,119.7,0
INCY,2006,2006-12-31,,83.8,-0.88,-76.9,,2.8,-74.2,-74.2,2006-12-31,-74.2,0,87.6,27.6,14,104.5,0
INCY,2005,2005-12-31,,83.3,-1.23,-100.8,,-3.5,-103,-103.4,2005-12-31,-103.9,-0.6,95.6,7.8,11.7,108.6,-0.1
INCY,2004,2004-12-31,,74.6,-2.19,-148.9,,-13.7,-164.8,-163.7,2004-12-31,-163.2,0.5,88.3,14.1,20.6,163,-0.5
INCY,2003,2003-12-31,,71.4,-1.86,-149.4,,-17.5,-166.5,-166.4,2003-12-31,-166,0.3,111.4,41.2,29.4,190.5,0.2
INCY,2002,2002-12-31,,67.4,-2,-132.6,,-0.4,-136.9,-133.8,2002-12-31,-132.9,0.9,145.3,95.5,45.1,228.1,-1.8
INCY,2001,2001-12-31,,66.2,-2.77,-200.8,,13.3,-183.2,-185.5,2001-12-31,-184.6,0.9,213.3,219.3,70.6,420.1,0.6
INCY,2000,2000-12-31,,63.2,-0.5,-62.6,,29.9,-29.7,-29.7,2000-12-31,-29.5,0.2,192.6,194.2,64.2,256.8,0
INCY,1999,1999-12-31,,56.3,-0.48,-27.1,,-0.5,-26.8,-26.8,1999-12-31,-27.6,-0.8,146.8,157,37.2,184.1,0
INCY,1998,1998-12-31,,57.8,0.26,0,,5.8,3.5,3.5,1998-12-31,5.8,2.4,97.2,134.8,25.4,134.8,
INCY,1997,1997-12-31,,53,0.13,3.6,,3.8,6.9,6.9,1997-12-31,7.5,0.5,72.5,90,13.9,86.4,
INCY,1996,1996-12-31,,44.8,-0.09,-9.6,,2.3,-7.3,-7.3,1996-12-31,-7.3,0,41.3,41.9,7,51.5,
INCY,1995,1995-12-31,,37.6,-0.26,-10.9,,1,-9.9,-9.9,1995-12-31,-9.9,0,19.2,12.2,3.9,23.1,
INCY,1994,1994-12-31,,28.1,-0.41,-12,,0.5,-11.5,-11.5,1994-12-31,-11.5,0,10.5,0.2,1.7,12.3,
INCY,1993,1993-12-31,,6.5,-0.75,-5,,0.1,-4.9,-4.9,1993-12-31,-4.9,0,4.5,0.3,0.7,5.2,
INCY,1992,1992-12-31,,7.9,-0.27,-2.2,,0,-2.1,-2.1,1992-12-31,-2.1,0,3.1,1.6,0.7,3.8,
INCY,1991,1991-12-31,,7.3,-0.11,-1.5,,0.1,-1.5,-1.5,1991-12-31,-1.5,0,0.8,0.3,0.4,1.8,
IR,2019,2019-12-31,1540.2,208.9,1.34448,275.1,911.7,-88.9,159.1,159.1,2019-12-31,190.9,31.8,,2451.9,436.4,636.6000000000001,4.7
IR,2018,2018-12-31,1677.3,209.1,0.97521,441.9,1012.5,-99.6,269.4,170.5,2018-12-31,349.5,179,,2689.8,432.3,570.6000000000001,7.2
IR,2017,2017-12-31,1477.5,188.4,0.54344,24.2,897.9,-140.7,18.4,27.8,2017-12-31,-112.7,-140.5,,2375.4,640.8,873.6999999999998,3.8
IR,2016,2016-12-31,1222.705,189.73225,0.00621,104.344,716.731,-170.338,-36.62,-31.29,2016-12-31,-63.15,-31.86,,1939.436,414.339,612.3870000000002,2.844
IR,2015,2015-12-31,1347.806,189.73225,-0.39081,-205.375,779.079,-162.861,-351.153,-351.988,2015-12-31,-366.692,-14.704,,2126.885,426.958,984.4540000000002,1.544
IR,2014,2014-12-31,8980,274,3.3,1405,3911,-230,932,916,2014-12-31,1209,294,,12891,2494,2507,35
IR,2013,2013-12-31,8660,298,2.29,1105,3690,-325,619,641,2013-12-31,830,189,,12351,2503,2586,49
IR,2012,2012-12-31,9745,311,3.37,1505,4290,-246,1019,1050,2012-12-31,1277,227,,14035,2759,2785,17
IR,2011,2011-12-31,10487,339,2.55,860,4295,-255,343,426,2011-12-31,613,187,,14782,2764,3435,8
IR,2010,2010-12-31,10159,340,2.34,1248,3921,-256,642,782,2010-12-31,1007,225,,14079,2657,2673,15
IR,2009,2009-12-31,9645,329,1.7,842,3550,-317,451,488,2009-12-31,559,71,,13195,2709,2709,34
IR,2008,2008-12-31,9748,301,-0.52,-2574,3479,-208,-2625,-2567,2008-12-31,-2776,-209,,13227,2343,6053,6
IR,2007,2007-12-31,6272,295,2.48,1058,2491,-116,3967,733,2007-12-31,938,204,,8763,1433,1433,-4
IR,2006,2006-12-31,8424,323,3.31,1441,2985,-130,1033,1068,2006-12-31,1300,232,,11409,1544,1545,-10
IR,2005,2005-12-31,7744,341,3.09,1362,2803,-127,1054,1053,2005-12-31,1258,205,,10547,1441,1441,23
IR,2004,2004-12-31,6854,351,2.36,1120,2540,-157,1219,830,2004-12-31,968,138,,9394,1419,1419,5
IR,2003,2003-12-31,7471,345,1.71,870,2405,-192,645,594,2003-12-31,688,94,,9876,1538,1535,9
IR,2002,2002-12-31,6827,340,1.2,643,2125,-245,-174,367,2002-12-31,388,20,,8951,1440,1481,-11
IR,2001,2001-12-31,7612,333,1.33,523,2071,-273,246,246,2001-12-31,243,-3,,9682,1454,1547,-7
IR,2000,2000-12-31,6461,325,1.79,1114,2337,-293,669,546,2000-12-31,829,283,,8798,1147,1223,-15
IR,1999,1999-12-31,5515,332,1.64,1099,2152,-232,591,545,1999-12-31,845,300,,7667,1052,1052,-22
IR,1998,1998-12-31,6047,331,1.54,1044,2245,-233,509,509,1998-12-31,789,280,,8292,1201,1200,-22
IR,1997,1997-12-31,5264,330,1.15,760,1840,-145,381,381,1997-12-31,614,233,,7103,1079,1079,-2
IR,1996,1996-12-31,5030,325,1.1,684,1673,-114,358,358,1996-12-31,568,210,,6703,990,989,-1
IR,1995,1995-12-31,4310,319,0.85,497,1419,-77,270,270,1995-12-31,429,159,,5729,922,922,9
IR,1994,1994-12-31,3377,317,0.67,377,1130,-44,211,211,1994-12-31,330,119,,4507,753,753,-3
IR,1993,1993-12-31,3017,317,0.53,292,1004,-52,143,164,1993-12-31,254,90,,4021,708,713,14
IR,1992,1992-12-31,2882,315,0.53,175,902,-54,-234,116,1992-12-31,183,67,,3784,647,727,62
IR,1991,1991-12-31,2725,313,0.47,273,861,-59,151,151,1991-12-31,235,85,,3586,595,588,21
IR,1990,1990-12-31,2794,312,0.59,357,944,-67,185,185,1990-12-31,285,100,,3738,586,586,-5
IR,1989,1989-12-31,2575,311,0.63,361,872,-39,211,202,1989-12-31,311,109,,3447,511,511,-11
IR,1988,1988-12-31,2265,312,0.5,261,757,-33,162,162,1988-12-31,231,69,,3021,471,495,3
IR,1987,1987-12-31,1947,318,0.32,242,701,-39,118,108,1987-12-31,161,53,,2648,432,459,-43
IR,1986,1986-12-31,2106,318,0.4,182,694,-61,94,101,1986-12-31,154,54,,2799,455,512,34
IR,1985,1985-12-31,2012,298,0.26,195,625,-62,80,80,1985-12-31,133,53,,2637,422,430,0
IR,1984,1984-12-31,1884,298,0.19,174,594,-76,59,59,1984-12-31,98,39,,2478,416,420,0
IR,1983,1983-12-31,1771,298,-0.09,-99,503,-82,-112,-112,1983-12-31,-180,-68,,2274,457,602,0
INTC,2019,2019-12-28,29825,4473,4.78243,22035,42140,1533,21048,21048,2019-12-28,24058,3010,13362,71965,6150,20105,490
INTC,2018,2018-12-29,27111,4701,4.40096,23316,43737,-155,21053,20753,2018-12-29,23317,2564,13543,70848,6750,20421,156
INTC,2017,2017-12-30,23663,4835,3.16112,18050,39098,2446,9601,15001,2017-12-30,20352,5351,13035,62761,7452,21048,-144
INTC,2016,2016-12-31,23154,4875,2.40139,13133,36233,-5,10316,10316,2016-12-31,12936,2620,12685,59387,8377,23100,-192
INTC,2015,2015-12-26,20676,4894,2.39159,14002,34679,-296,11420,11420,2015-12-26,14212,2792,12128,55355,7930,20677,506
INTC,2014,2014-12-27,20261,5056,2.36,15347,35609,360,11704,11704,2014-12-27,15801,4097,11537,55870,8136,20262,94
INTC,2013,2013-12-28,21187,5097,1.92,12291,31521,331,9620,9620,2013-12-28,12611,2991,10611,52708,8088,19230,-11
INTC,2012,2012-12-29,20190,5160,2.13,14638,33151,148,11005,11005,2012-12-29,14873,3868,10148,53341,8057,18513,87
INTC,2011,2011-12-31,20242,5411,2.44,17345,33757,301,12942,12942,2011-12-31,17781,4839,8350,53999,7670,16412,135
INTC,2010,2010-12-25,15132,5696,2.03,15463,28491,592,11464,11464,2010-12-25,16045,4581,6576,43623,6309,13028,-10
INTC,2009,2009-12-26,15566,5645,0.84,5490,19561,218,4369,4369,2009-12-26,5704,1335,5653,35127,7931,14071,-4
INTC,2008,2008-12-27,16742,5748,1.19,7422,20844,360,5292,5292,2008-12-27,7686,2394,5722,37586,5452,13422,-96
INTC,2007,2007-12-29,18430,5936,1.27,8021,19904,1145,6976,6976,2007-12-29,9166,2190,5755,38334,5401,11883,
INTC,2006,2006-12-30,17164,5880,0.93,5580,18218,1488,5044,5044,2006-12-30,7068,2024,5873,35382,6138,12638,
INTC,2005,2005-12-31,15777,6178,1.43,11882,23049,728,8664,8664,2005-12-31,12610,3946,5145,38826,5688,11167,
INTC,2004,2004-12-25,14463,6494,1.16,10130,19746,287,7516,7516,2004-12-25,10417,2901,4778,34209,4659,9616,
INTC,2003,2003-12-27,13047,6621,0.92,7533,17094,-91,5641,5641,2003-12-27,7442,1801,4360,30141,4278,9561,
INTC,2002,2002-12-28,13446,6759,0.46,4382,13318,-178,3117,3117,2002-12-28,4204,1087,4034,26764,4334,8936,
INTC,2001,2001-12-29,13487,6879,0.48,2256,13052,123,1291,1291,2001-12-29,2183,892,3796,26539,4464,10796,
INTC,2000,2000-12-30,12650,6986,1.7,10395,21076,4629,10535,10535,2000-12-30,15141,4606,3897,33726,5089,10681,
INTC,1999,1999-12-25,11836,6940,1.15,9767,17553,1461,7314,7314,1999-12-25,11228,3914,3111,29389,3872,7786,
INTC,1998,1998-12-26,12088,7035,0.89,8379,14185,758,6068,6068,1998-12-26,9137,3069,2509,26273,3076,5806,
INTC,1997,1997-12-27,9945,7180,0.97,9887,15125,772,6945,6945,1997-12-27,10659,3714,2347,25070,2891,5238,
INTC,1996,1996-12-28,9164,7104,0.73,7553,11683,381,5157,5157,1996-12-28,7934,2777,1808,20847,2322,4130,
INTC,1995,1995-12-30,7811,7072,0.5,5252,8391,386,3566,3566,1995-12-30,5638,2072,1296,16202,1843,3139,
INTC,1994,1994-12-31,5576,6992,0.33,3387,5945,216,2288,2288,1994-12-31,3603,1315,1111,11521,1447,2558,
INTC,1993,1993-12-25,3252,7056,0.33,3392,5530,138,2295,2295,1993-12-25,3530,1235,970,8782,1168,2138,
INTC,1992,1992-12-26,2557,6871,0.16,1490,3287,79,1067,1067,1992-12-26,1569,502,780,5844,1017,1797,
INTC,1991,1991-12-28,2316,6688,0.12,1080,2463,115,819,819,1991-12-28,1195,376,618,4779,765,1383,
INTC,1990,1990-12-29,1930,6493,0.1,858,1991,128,650,650,1990-12-29,986,336,517,3921,616,1133,
INTC,1989,1989-12-30,1721,6041,0.06,558,1406,26,392,392,1989-12-30,584,192,365,3127,483,848,
INTC,1988,1988-12-31,1506,5774,0.08,595,1369,35,454,454,1988-12-31,630,176,318,2875,456,774,
INTC,1987,1987-12-26,1044,5772,0.04,245,863,42,247,247,1987-12-26,287,40,260,1907,358,618,
INTC,1986,1986-12-27,861,5617,-0.03,-195,404,21,-203,-183,1986-12-27,-174,9,228,1265,311,599,
INTC,1985,1985-12-28,943,5657,0,-60,422,55,2,2,1985-12-28,-5,-7,195,1365,287,482,
INTC,1984,1984-12-31,883,5605,0.04,250,746,48,198,198,1984-12-31,298,100,180,1629,316,496,
INTC,1983,1983-12-31,624,5306,0.02,139,498,40,117,117,1983-12-31,179,62,142,1122,217,359,
ICE,2019,2019-12-31,,565,3.42404,2673,,-250,1933,1960,2019-12-31,2481,521,,5202,1865,2529,58
ICE,2018,2018-12-31,,579,3.46683,2583,,-222,1988,2009,2018-12-31,2520,511,,4979,1776,2396,159
ICE,2017,2017-12-31,,594,3.01644,2379,,-179,2526,1790,2017-12-31,2526,736,,4638,1688,2259,326
ICE,2016,2016-12-31,,599,2.48256,2172,,-175,1430,1457,2016-12-31,2043,586,,4512,1650,2340,46
ICE,2015,2015-12-31,,560,2.39811,1750,,-97,1274,1295,2015-12-31,1653,358,,3338,1126,1588,0
ICE,2014,2014-12-31,,575,1.85,1448,,-96,981,1005,2014-12-31,1407,402,,3092,1182,1644,55
ICE,2013,2013-12-31,,395,0.87,790,,-53,254,270,2013-12-31,500,230,,1674,558,884,-237
ICE,2012,2012-12-31,,366.8,1.57,827,,-37.3,551.6,561.7,2012-12-31,789.7,228,,1332,386.1,536,0
ICE,2011,2011-12-31,,369.5,1.42,793.3,,-33.1,509.7,521.7,2011-12-31,759.2,237.5,,1301.3,386.3,534.2,-1
ICE,2010,2010-12-31,,372.4,1.14,652.2,,-27.5,398.3,407.8,2010-12-31,610.1,202.4,,1132.6,366.5,497.7,-14.7
ICE,2009,2009-12-31,,370.5,0.91,512.6,,-21,316,314.2,2009-12-31,493.7,179.6,,986.2,364.7,482.2,2
ICE,2008,2008-12-31,,360.8,0.87,493.5,,-8,301,301,2008-12-31,473.5,172.5,,796.2,257.3,319.5,-12
ICE,2007,2007-12-31,,354.9,0.7,353.6,,-6.8,240.6,240.6,2007-12-31,358.4,117.8,,560.8,176.9,220.7,11.6
ICE,2006,2006-12-31,,298,0.48,204.6,,8.3,143.3,143.3,2006-12-31,212.5,69.3,,307.9,95.5,109.2,-0.4
ICE,2005,2005-12-31,,266.1,-0.03,56.2,,2.5,40.4,40.4,2005-12-31,60,19.6,,148.6,64.8,99.7,1.3
ICE,2004,2004-12-31,1.3,265.3,0.08,32.4,102.9,2.7,21.9,21.9,2004-12-31,33.7,11.8,,104.2,57.7,74.7,-1.4
ICE,2003,2003-12-31,1.7,273.2,0.07,18.9,89.9,1.6,13.4,13.4,2003-12-31,19.9,6.5,,91.6,53.8,73.1,-0.7
ICE,2002,2002-12-31,4,274.3,0.07,51,120.5,1.6,34.7,34.7,2002-12-31,52.4,17.7,,124.4,56.2,70.5,-0.1
IBM,2019,2019-12-31,40659,892.81338,13.70387,10166,36488,,9431,9581,2019-12-31,10166,585,5989,77147,19501,26322,
IBM,2018,2018-12-31,42655,916.31571,13.48662,11342,36936,,8728,10760,2018-12-31,11342,582,5379,79591,18217,25594,
IBM,2017,2017-12-31,42196,937.38563,13.55685,11400,36943,,5753,11233,2017-12-31,11400,167,5590,79139,19120,25543,
IBM,2016,2016-12-31,41403,958.7141,14.80108,12330,38516,,11872,11881,2016-12-31,12330,449,5726,79919,19440,26186,
IBM,2015,2015-12-31,41057,982.70027,15.05546,15944,40684,,13190,13364,2015-12-31,15945,2581,5247,81741,19512,24740,1
IBM,2014,2014-12-31,46386,1010,16.85,19986,46407,,12023,15752,2014-12-31,19986,4234,5437,92793,21385,26421,-2619
IBM,2013,2013-12-31,51246,1103,15.43,19524,48505,,16483,16483,2013-12-31,19524,3041,6226,99751,22535,28981,-952
IBM,2012,2012-12-31,54209,1155,14.41,21901,50298,,16604,16604,2012-12-31,21902,5298,6302,104507,22422,28397,1
IBM,2011,2011-12-31,56778,1214,13.83,21003,50138,,15855,15855,2011-12-31,21003,5148,6258,106916,22865,29135,-1165
IBM,2010,2010-12-31,53857,1287,11.9,19723,46013,,14833,14833,2010-12-31,19723,4890,6026,99870,20943,26290,-1944
IBM,2009,2009-12-31,51972,1341,10.27,16609,43787,-5,13425,13425,2009-12-31,18138,4713,5820,95759,20193,27178,1529
IBM,2008,2008-12-31,57969,1388,8.87,15265,45661,92,12334,12334,2008-12-31,16715,4381,6337,103630,23386,30396,1332
IBM,2007,2007-12-31,57057,1451,7.17,12905,41729,394,10418,10418,2007-12-31,14489,4071,6153,98786,22060,28824,1172
IBM,2006,2006-12-31,53129,1554,6.02,11935,38294,293,9491,9415,2006-12-31,13316,3901,6107,91423,20259,26359,1002
IBM,2005,2005-12-31,54602,1628,4.77,9145,36532,28,7934,7994,2005-12-31,12226,4232,5842,91134,19839,27387,991
IBM,2004,2004-12-31,60261,1709,4.92,10955,36032,-281,8430,8448,2004-12-31,12028,3580,5673,96293,19384,25077,1283
IBM,2003,2003-12-31,56113,1756,4.36,10039,33018,-350,7583,7613,2003-12-31,10874,3261,5077,89131,17852,22979,1201
IBM,2002,2002-12-31,50902,1731,4.03,6302,30284,-145,3579,5334,2002-12-31,7524,2190,4750,81186,16891,23982,1367
IBM,2001,2001-12-31,54084,1771,4.35,9295,31782,-238,7723,7723,2001-12-31,10953,3230,5290,85866,17197,22487,1896
IBM,2000,2000-12-31,55972,1812,4.44,11634,32424,-717,8093,8093,2000-12-31,11534,3441,5151,88396,15639,20790,617
IBM,1999,1999-12-31,55619,1871,4.12,11927,31929,-727,7712,7712,1999-12-31,11757,4045,5273,87548,14729,20002,557
IBM,1998,1998-12-31,50795,1920,3.29,9164,30872,-713,6328,6328,1998-12-31,9040,2712,5046,81667,16662,21708,589
IBM,1997,1997-12-31,47899,2022,3,9098,30609,-728,6093,6093,1997-12-31,9027,2934,4877,78508,16634,21511,657
IBM,1996,1996-12-31,45408,2159,2.71,8596,30539,-716,5429,5429,1996-12-31,8587,3158,4654,75947,16854,21943,707
IBM,1995,1995-12-31,41573,2336,2.55,7591,30367,-725,4178,4178,1995-12-31,7813,3635,4170,71940,16766,22776,947
IBM,1994,1994-12-31,38768,2388,1.24,5005,25284,-1227,3021,3021,1994-12-31,5155,2134,4363,64052,15916,20279,1377
IBM,1993,1993-12-31,38568,2293,-0.97,-8637,24148,-1273,-8101,-7987,1993-12-31,-8797,-810,5558,62716,18282,32785,1113
IBM,1992,1992-12-31,35069,2284,0.31,-8239,29454,-1360,-4965,-6865,1992-12-31,-9026,-2161,6522,64523,19526,37693,573
IBM,1991,1991-12-31,32474,2288,-0.25,942,32318,-1423,-2827,-564,1991-12-31,121,685,6644,64792,24732,31376,602
IBM,1990,1990-12-31,30723,2291,2.63,11032,38295,-1324,6020,6020,1990-12-31,10203,4183,6554,69018,20709,27263,495
IBM,1989,1989-12-31,27701,2324,1.62,6893,35009,-976,3758,3758,1989-12-31,6645,2887,6827,62710,21289,28116,728
IBM,1988,1988-12-31,25648,2370,2.32,8746,34033,-709,5806,5491,1988-12-31,9033,3542,5925,59681,19362,25287,996
IBM,1987,1987-12-31,25122,2412,2.18,8160,30134,-485,5258,5258,1987-12-31,8630,3372,5434,55256,16540,21974,955
IBM,1986,1986-12-31,23153,2451,1.95,8236,29007,-475,4789,4789,1986-12-31,8407,3618,5221,52160,15550,20771,646
IBM,1985,1985-12-31,21103,2456,2.67,11230,28953,-443,6555,6555,1985-12-31,11619,5064,4723,50056,13000,17723,832
IBM,1984,1984-12-31,18919,2446,2.69,11231,27018,-408,6582,6582,1984-12-31,11623,5041,4200,45937,11587,15787,800
IBM,1983,1983-12-31,16395,2427,2.26,9589,23785,-390,5485,5485,1983-12-31,9940,4455,3582,40180,10614,14196,741
IFF,2019,2019-12-31,3027.336,113.307,4.84699,665.27,2112.748,-137.664,455.873,460.268,2019-12-31,557.452,97.184,346.128,5140.084,876.121,1447.4780000000005,29.846
IFF,2018,2018-12-31,2294.832,88.121,4.55958,545.072,1682.707,-118.405,334.454,372.581,2018-12-31,447.757,75.176,311.583,3977.539,707.461,1137.6350000000002,21.09
IFF,2017,2017-12-31,1926.256,79.37,5.66558,552.63,1472.463,-75.42,295.665,434.865,2017-12-31,537.045,102.18,295.469,3398.719,570.144,919.8329999999999,59.835
IFF,2016,2016-12-31,1720.787,79.981,4.93037,552.955,1395.563,-26.168,405.031,405.031,2016-12-31,523.717,118.686,258.863,3116.35,572.518,842.608,-3.07
IFF,2015,2015-12-31,1671.59,80.891,5.23115,588.347,1351.599,-37.418,419.247,419.247,2015-12-31,539.101,119.854,246.101,3023.189,509.557,763.2520000000002,-11.828
IFF,2014,2014-12-31,1726.383,81.494,5.06937,592.321,1362.15,-71.745,414.543,414.543,2014-12-31,549.061,134.518,253.64,3088.533,514.891,769.829,28.485
IFF,2013,2013-12-31,1668.7,81.9,4.31,516.3,1284.2,-63.2,353.5,353.5,2013-12-31,485.2,131.7,259.8,2952.9,505.9,767.8999999999999,32.1
IFF,2012,2012-12-31,1645.9,81.8,3.1,486.6,1175.5,-41.8,254.1,254.1,2012-12-31,443.4,189.3,233.7,2821.4,453.5,688.9000000000001,-1.5
IFF,2011,2011-12-31,1683.4,81.5,3.73,427.7,1104.7,-44.6,266.9,266.9,2011-12-31,373.5,106.7,219.8,2788,410.5,676.9000000000001,-9.5
IFF,2010,2010-12-31,1530.3,80.4,3.36,416.4,1092.6,-48.7,263.6,263.6,2010-12-31,359.6,96,218.8,2622.9,447.4,676.2,-8.1
IFF,2009,2009-12-31,1391,79.1,2.64,340.3,935.1,-61.8,195.5,195.5,2009-12-31,276.5,81,193.8,2326.2,376.5,594.9000000000001,-1.9
IFF,2008,2008-12-31,1418.7,80,3.06,351.7,970.6,-74,229.6,229.6,2008-12-31,280.5,50.9,212.7,2389.4,381.8,618.8999999999999,2.8
IFF,2007,2007-12-31,1324.4,87.6,2.87,359.1,952.2,-41.5,247.1,247.1,2007-12-31,328.7,81.6,199,2276.6,375.3,593.1999999999998,11.1
IFF,2006,2006-12-31,1211.3,91.4,2.5,322,884.1,-25.5,226.5,226.5,2006-12-31,313.3,86.8,185.7,2095.4,351.9,562.1000000000001,16.8
IFF,2005,2005-12-31,1169,94.8,2.23,269.7,824.4,-24,193.1,193.1,2005-12-31,246.2,53.1,179.8,1993.4,339.3,554.7,0.5
IFF,2004,2004-12-31,1160.2,95.4,2.29,307.4,873.4,-24,196.1,196.1,2004-12-31,281,84.9,175.2,2033.7,341.3,566.0999999999999,-2.4
IFF,2003,2003-12-31,1092.5,94.4,2.14,287.4,809.1,-28.5,172.6,172.6,2003-12-31,251.9,79.3,159.3,1901.5,309,521.5999999999999,-7
IFF,2002,2002-12-31,1035.8,95.9,1.92,302.2,773.4,-37,175.9,175.9,2002-12-31,266.4,90.5,144,1809.2,305.2,471.29999999999995,1.3
IFF,2001,2001-12-31,1063.4,96.8,1.73,253.7,780.3,-70.4,116,116,2001-12-31,187.8,71.8,135.2,1843.8,313.3,526.6999999999998,4.5
IFF,2000,2000-12-31,831.7,101.1,1.54,209.6,631.1,-25.1,123,123,2000-12-31,184.1,61.1,112.7,1462.8,258.7,421.5,-0.4
IFF,1999,1999-12-31,791.8,105.9,1.74,249,647.7,-5.2,162,162,1999-12-31,243.5,81.5,103.8,1439.5,262.6,398.70000000000005,-0.3
IFF,1998,1998-12-31,763.5,107.4,1.9,307.7,643.9,-2,203.8,203.8,1998-12-31,311.1,107.3,98.4,1407.3,238.7,336.20000000000005,5.4
IFF,1997,1997-12-31,773.1,109.6,1.99,333.4,653.6,-2.4,218.2,218.2,1997-12-31,340.2,122,94.4,1426.8,227.1,320.30000000000007,9.2
IFF,1996,1996-12-31,778.8,111.4,1.99,289.8,657.2,-2.7,189.9,189.9,1996-12-31,299.1,109.2,93.5,1436.1,223.5,367.5,12.1
IFF,1995,1995-12-31,747,112.2,2.22,381.5,692.5,-3.2,248.8,248.8,1995-12-31,393.7,144.9,90.8,1439.5,217.7,311,15.4
IFF,1994,1994-12-31,677.8,111.5,2.03,348.6,637.4,-13.5,226,226,1994-12-31,360.4,134.3,81.4,1315.2,207.4,288.80000000000007,25.2
IFF,1993,1993-12-31,613.8,113.9,1.78,306,574.9,-17.4,202.5,202.5,1993-12-31,323.8,121.3,75.3,1188.6,193.6,268.9000000000001,35.1
IFF,1992,1992-12-31,582,115.5,1.64,263.6,544.4,-12.4,170.6,176.7,1992-12-31,281.5,104.8,71.1,1126.4,189.6,280.79999999999995,30.3
IFF,1991,1991-12-31,527.9,114.6,1.47,254.2,489.1,-9.5,168.7,168.7,1991-12-31,269.5,100.8,62.2,1017,172.6,234.89999999999998,24.8
IFF,1990,1990-12-31,502.8,114.4,1.37,239.4,460.1,-22.1,156.7,156.7,1990-12-31,252.1,95.4,57.3,962.8,163.3,220.59999999999997,34.8
IFF,1989,1989-12-31,457.4,114,1.22,214.1,412.1,-7.5,138.6,138.6,1989-12-31,223.1,84.5,52.2,869.5,145.8,198,16.5
IFF,1988,1988-12-31,436.7,113.6,1.13,211,402.8,-8.2,128.7,128.7,1988-12-31,209.3,80.6,49.7,839.5,142.1,191.8,6.5
IFF,1987,1987-12-31,393.3,113.3,0.94,178.8,352.5,-9.6,107,107,1987-12-31,175.4,68.4,44.6,745.9,129.1,173.7,6.2
IFF,1986,1986-12-31,329.4,112.3,0.76,139.9,291.2,-3.7,85.7,85.7,1986-12-31,139.3,53.6,38.9,620.7,112.5,151.40000000000003,3.1
IFF,1985,1985-12-31,260.5,110.6,0.63,114.9,240.5,-6.7,69.7,69.7,1985-12-31,112.6,42.9,34,501,91.7,125.69999999999999,4.5
IFF,1984,1984-12-31,243.2,110.1,0.63,114,233.5,-6.1,69.2,69.2,1984-12-31,113.9,44.6,32.2,476.7,87.3,119.5,5.9
IFF,1983,1983-12-31,235.8,109.8,0.62,107.6,225.2,-5.7,68.4,68.4,1983-12-31,110.7,42.3,31.8,460.9,85.7,117.5,8.8
