symbol,year,period,costOfGoodsSold,dilutedAverageSharesOutstanding,dilutedEPS,ebit,grossIncome,interestIncomeExpense,netIncome,netIncomeAfterTaxes,period,pretaxIncome,provisionforIncomeTaxes,researchDevelopment,revenue,sgaExpense,totalOperatingExpense,totalOtherIncomeExpenseNet
IP,2019,2019-12-31,15269,398.8,3.60095,2130,7107,-490,1225,971,2019-12-31,1604,633,,22376,3377,4977,-36
IP,2018,2018-12-31,15558,414.2,4.19857,2808,7748,-533,2012,1298,2018-12-31,1781,483,,23306,3461,4940,-494
IP,2017,2017-12-31,14792,417.7,2.9842,1960,6951,-581,2144,713,2017-12-31,848,135,,21743,3224,4991,-531
IP,2016,2016-12-31,14057,415.6,2.27141,1315,5438,-515,904,602,2016-12-31,795,193,,19495,2847,4123,-5
IP,2015,2015-12-31,14302,420.6,2.87353,1698,6373,-553,938,715,2015-12-31,1132,417,,20675,2945,4675,-13
IP,2014,2014-12-31,16257,432,3.28,1476,7360,-616,555,749,2014-12-31,872,123,,23617,3494,5884,12
IP,2013,2013-12-31,21224,448,4.16,1460,7856,-631,1395,1372,2013-12-31,849,-523,,29080,4060,6396,20
IP,2012,2012-12-31,20587,440,2,1696,7246,-672,794,693,2012-12-31,1024,331,,27833,3869,5550,
IP,2011,2011-12-31,18960,437,3.53,1999,7074,-541,1341,1147,2011-12-31,1458,311,,26034,3423,5075,
IP,2010,2010-12-31,18482,434,2.11,1430,6697,-608,644,601,2010-12-31,822,221,,25179,3440,5267,
IP,2009,2009-12-31,15220,428,1.63,1868,8146,-669,663,730,2009-12-31,1199,469,,23366,3394,6278,
IP,2008,2008-12-31,18742,421,2.84,-661,6087,-492,-1282,-1315,2008-12-31,-1153,162,,24829,3415,6748,
IP,2007,2007-12-31,16060,433,2.39,1951,5830,-297,1168,1239,2007-12-31,1654,415,,21890,3034,3879,
IP,2006,2006-12-31,16248,489,0.74,3709,5747,-521,1050,1299,2006-12-31,3188,1889,,21995,3138,2038,
IP,2005,2005-12-31,18139,510,1.95,1179,5958,-593,1100,871,2005-12-31,586,-285,,24097,3196,4779,
IP,2004,2004-12-31,18996,488,1.27,1489,6552,-743,-35,540,2004-12-31,746,206,,25548,3301,5063,
IP,2003,2003-12-31,18803,481,1.05,1112,6376,-766,302,438,2003-12-31,346,-92,,25179,3330,5264,
IP,2002,2002-12-31,18256,483,1.4,1154,6720,-783,-880,425,2002-12-31,371,-54,,24976,3393,5566,
IP,2001,2001-12-31,19409,483,0.74,-336,6954,-1002,-1204,-1041,2001-12-31,-1338,-297,,26363,3649,7290,
IP,2000,2000-12-31,20082,450,2.99,706,8098,-68,142,536,2000-12-31,638,102,,28180,3674,7392,
IP,1999,1999-12-31,18105,416,1.56,989,6468,-541,183,362,1999-12-31,448,86,,24573,3407,5479,
IP,1998,1998-12-31,14761,306,1.06,868,4780,-496,236,312,1998-12-31,392,80,,19541,2578,3912,
IP,1997,1997-12-31,14974,302,0.88,336,5122,-490,-151,-22,1997-12-31,16,38,,20096,2719,4786,
IP,1996,1996-12-31,14901,293,1.21,740,5242,-530,303,472,1996-12-31,802,330,,20143,2628,4502,
IP,1995,1995-12-31,13896,264,4.41,2521,5901,-493,1153,1309,1995-12-31,2028,719,,19797,2349,3380,0
IP,1994,1994-12-31,11092,256,1.71,1064,3874,-349,357,479,1994-12-31,715,236,,14966,1925,2810,0
IP,1993,1993-12-31,10153,247,1.17,848,3532,-310,289,289,1993-12-31,502,213,,13685,1786,2684,-36
IP,1992,1992-12-31,10137,243,1.71,453,3461,-247,86,142,1992-12-31,206,64,,13598,1760,3008,0
IP,1991,1991-12-31,9316,222,1.97,953,3387,-315,184,399,1991-12-31,638,239,,12703,1649,2434,0
IP,1990,1990-12-31,9263,227,3.12,1223,3697,-277,569,569,1990-12-31,946,377,,12960,1595,2474,0
IP,1989,1989-12-31,7918,227,3.77,1610,3460,-205,864,864,1989-12-31,1405,541,,11378,1291,1850,0
IP,1988,1988-12-31,6717,232,3.2,1363,2870,-165,754,754,1988-12-31,1198,444,,9587,1033,1507,0
IP,1987,1987-12-31,5650,213,1.82,848,2150,-167,407,407,1987-12-31,681,274,,7800,878,1302,0
IP,1986,1986-12-31,3991,196,1.45,457,1509,-89,305,305,1986-12-31,454,149,,5500,726,1052,86
IP,1985,1985-12-31,3477,198,0.65,107,1025,-91,133,131,1985-12-31,159,28,,4502,622,918,143
IP,1984,1984-12-31,3582,199,1.12,100,1134,-81,120,120,1984-12-31,144,24,,4716,617,1034,125
IP,1983,1983-12-31,3442,198,1.16,105,915,-65,255,255,1983-12-31,253,-2,,4357,547,810,213
IPG,2019,2019-12-31,8729.1,391.2,1.82841,1042.6,1492.2,-164.8,656,673.5,2019-12-31,878.3,204.8,,10221.3,93.8,449.60000000000036,0.5
IPG,2018,2018-12-31,8336.2,389,1.73601,946.9,1378.2,-101.2,618.9,638.8,2018-12-31,838,199.2,,9714.4,166.5,431.2999999999993,-7.7
IPG,2017,2017-12-31,7833.6,397.3,1.43651,914.3,1214,-71.4,554.4,569.5,2017-12-31,840.8,271.3,,9047.6,118.5,299.6999999999998,-2.1
IPG,2016,2016-12-31,7821,408,1.56011,895,1235.2,-70.5,605,628.7,2016-12-31,825.6,196.9,,9056.2,138.6,340.1999999999998,1.1
IPG,2015,2015-12-31,4857.7,415.7,1.16741,822.3,2756.1,-63,454.6,479.4,2015-12-31,762.2,282.8,,7613.8,1885,1933.8000000000002,2.9
IPG,2014,2014-12-31,4820.4,425.4,1.14,778.8,2716.7,-57.5,477.1,504.2,2014-12-31,720.7,216.5,,7537.1,1928.1,1937.9000000000005,-0.6
IPG,2013,2013-12-31,4545.5,429.6,0.75,554.6,2576.8,-98,267.9,286.8,2013-12-31,468,181.2,,7122.3,1917.9,2022.1999999999998,11.4
IPG,2012,2012-12-31,4391.9,481.4,0.81,766.5,2564.3,-104,446.7,461.5,2012-12-31,674.8,213.3,,6956.2,1886,1797.8000000000002,12.3
IPG,2011,2011-12-31,4402.1,540.6,0.82,687.2,2612.5,-99,532.3,548.2,2011-12-31,738.4,190.2,,7014.6,1924.3,1925.2999999999993,24.3
IPG,2010,2010-12-31,4117,542.1,0.47,548.6,2414.9,-111,261.1,279.3,2010-12-31,450.6,171.3,,6531.9,1862.3,1866.3000000000002,8.7
IPG,2009,2009-12-31,3961.2,508.1,0.21,313.5,2066.4,-120.6,121.3,142.3,2009-12-31,232.4,90.1,,6027.6,1720.5,1752.9000000000005,29.3
IPG,2008,2008-12-31,4342.6,518.3,0.57,574.8,2620.1,-121.3,295,314.9,2008-12-31,471.5,156.6,,6962.7,2013.3,2045.2999999999993,21.1
IPG,2007,2007-12-31,4139.2,503.1,0.35,328.4,2415,-109.8,167.6,176.8,2007-12-31,235.7,58.9,,6554.2,2044.8,2086.6000000000004,33.8
IPG,2006,2006-12-31,3944.1,428.1,0.01,24.9,2246.7,-69.3,-31.7,-23.7,2006-12-31,-5,18.7,,6190.8,2079,2221.7999999999997,31.3
IPG,2005,2005-12-31,3999.1,424.8,-0.56,-117.8,2275.2,-85.6,-262.9,-268.5,2005-12-31,-186.6,81.9,,6274.3,2288.1,2393.0000000000005,6.7
IPG,2004,2004-12-31,3733.5,415.3,-0.52,-135,2653.5,-121.3,-538.4,-529.2,2004-12-31,-267,262.2,,6387,2249.8,2788.5,-10.7
IPG,2003,2003-12-31,3451.8,385.5,-0.25,-185.1,2411.6,-133.9,-451.7,-523,2003-12-31,-269,254,,5863.4,1885.6,2596.7,50
IPG,2002,2002-12-31,3549,381.3,0.42,405.8,2654.6,-110.5,99.5,125.1,2002-12-31,265.4,140.3,,6203.6,2096.6,2248.8,-36.9
IPG,2001,2001-12-31,3809.2,369,0.2,-243.6,2914,-125.3,-534.5,-508.2,2001-12-31,-563.5,-55.3,,6723.2,2035.8,3157.6000000000004,-206.9
IPG,2000,2000-12-31,3120.3,312.7,1.45,672.7,2505.6,-109.1,358.7,384.9,2000-12-31,657.9,273,,5625.8,1559.6,1832.8999999999996,94.3
IPG,1999,1999-12-31,2503.3,289.5,1.29,585.1,2058.2,,321.9,348.7,1999-12-31,585.1,236.3,,4561.5,1322.6,1473.1999999999998,
IPG,1998,1998-12-31,2167.9,281.1,1.1,562.9,1676.4,,309.9,330.9,1998-12-31,562.9,232,,3844.3,1179.2,1238,
IPG,1997,1997-12-31,1684.8,259.1,0.92,441.3,1312.4,,239.1,256.4,1997-12-31,441.3,184.9,,2997.2,950.3,999.8,
IPG,1996,1996-12-31,1344.2,240.9,0.85,357.1,1086.3,,205.2,207.1,1996-12-31,357.1,150,,2430.5,795.4,836.2,
IPG,1995,1995-12-31,1150,234.5,0.64,254.2,943.9,,129.8,131.4,1995-12-31,254.2,122.7,,2093.8,699.4,775.5999999999999,
IPG,1994,1994-12-31,1040.6,226.7,0.63,200.8,875.8,,93.5,114.5,1994-12-31,200.8,86.3,,1916.4,661.2,742.9000000000001,
IPG,1993,1993-12-31,917.2,255.6,0.49,231.8,822.6,,124.8,131.9,1993-12-31,231.8,99.8,,1739.8,618.5,644.8999999999999,
IPG,1992,1992-12-31,993.1,224.9,0.5,207.2,811.3,,87.3,115.8,1992-12-31,207.2,91.3,,1804.4,622.5,655.6999999999999,
IPG,1991,1991-12-31,880.2,218.6,0.43,185.3,754.5,,94.6,97.6,1991-12-31,185.3,87.7,,1634.7,578.5,612,
IPG,1990,1990-12-31,762.9,202,0.4,149.5,566.5,,80.1,77.1,1990-12-31,149.5,72.5,,1329.5,436.8,455.69999999999993,
IPG,1989,1989-12-31,691.3,202,0.35,137.6,526.8,,70.6,69.6,1989-12-31,137.6,68.1,,1218.1,412.9,427.9000000000001,
IPG,1988,1988-12-31,656.2,198.6,0.3,128.3,496.7,,60.1,60.5,1988-12-31,128.3,67.8,,1152.9,397.2,407.39999999999986,
IPG,1987,1987-12-31,540.8,197.4,0.25,101,402.4,,49.3,49.5,1987-12-31,101,51.4,,943.2,320.2,329,
IPG,1986,1986-12-31,466.1,197.6,0.21,86.8,308,,41.1,41.7,1986-12-31,86.8,45.1,,774.1,254.7,261.6,
IPG,1985,1985-12-31,390.4,196.5,0.19,79.3,261.5,,36.6,36.5,1985-12-31,79.3,42.8,,651.9,215.2,221.80000000000007,
IPG,1984,1984-12-31,360.7,195.1,0.17,72.9,251,,32.8,32.8,1984-12-31,72.9,40.1,,611.8,205.4,210.8,
IPG,1983,1983-12-31,343.5,188.4,0.13,66,233.6,,25.4,25.8,1983-12-31,66,40.2,,577.1,189.2,193.5,
INTU,2020,2020-07-31,1378,264,6.91667,2176,6301,25,1826,1826,2020-07-31,2198,372,1392,7679,2727,4125,-3
INTU,2019,2019-07-31,1167,264,5.89773,1854,5617,31,1557,1557,2019-07-31,1881,324,1233,6784,2524,3763,-4
INTU,2018,2018-07-31,978,261,5.23211,1560,5047,-2,1329,1300,2018-07-31,1566,266,1186,6025,2216,3487,8
INTU,2017,2017-07-31,810,261,3.77395,1418,4386,-23,985,985,2017-07-31,1390,405,998,5196,1968,2968,-5
INTU,2016,2016-07-31,752,265,3.04151,1242,3942,-32,979,806,2016-07-31,1203,397,881,4694,1807,2700,-7
INTU,2015,2015-07-31,725,286,1.74422,738,3467,-19,365,413,2015-07-31,712,299,798,4192,1771,2729,-7
INTU,2014,2014-07-31,621,291,2.93,1300,3622,-4,907,853,2014-07-31,1300,447,714,4243,1601,2322,4
INTU,2013,2013-07-31,540,303,2.66,1208,3406,-27,858,807,2013-07-31,1185,378,647,3946,1534,2198,4
INTU,2012,2012-07-31,585,305,2.5,1168,3223,-31,792,764,2012-07-31,1138,374,618,3808,1414,2055,1
INTU,2011,2011-07-31,490,317,2.17,1082,2959,-50,634,688,2011-07-31,1042,354,566,3449,1300,1877,10
INTU,2010,2010-07-31,634,325,1.74,904,2769,-52,574,564,2010-07-31,856,292,564,3403,1259,1865,4
INTU,2009,2009-07-31,637,330,1.35,683,2472,-30,447,447,2009-07-31,653,206,556,3109,1191,1789,
INTU,2008,2008-07-31,590,339,1.22,696,2403,-6,477,447,2008-07-31,690,243,593,2993,1131,1707,
INTU,2007,2007-07-31,509.4,355.8,1.23,669.2,2163.5,27.2,440,444.8,2007-07-31,696.4,251.6,472.5,2672.9,1033.5,1494.3000000000002,
INTU,2006,2006-07-31,407.3,360.5,1.07,565.6,1885.7,50.7,417,381.7,2006-07-31,616.2,234.6,385.8,2293,924.8,1320.1000000000001,
INTU,2005,2005-07-31,359.7,376.8,1.03,528.7,1633.4,31.8,381.6,377.6,2005-07-31,560.5,182.9,292.6,1993.1,799.4,1104.7,
INTU,2004,2004-07-31,363.2,400.2,0.85,419.5,1371.4,32.1,317,323.3,2004-07-31,451.6,128.3,276,1734.6,720,1019.5,
INTU,2003,2003-07-31,348.4,421.9,0.67,338.6,1181.3,49.3,343,260.2,2003-07-31,388,127.8,250.7,1529.7,625.6,910.1,
INTU,2002,2002-07-31,461.4,435.8,0.79,50.5,782.3,11.7,140.2,53.6,2002-07-31,70.5,16.9,198.5,1243.7,372.8,800.3000000000001,
INTU,2001,2001-07-31,422,415.9,0.45,-81.4,600.2,-40.5,-82.8,-124.7,2001-07-31,-137.1,-12.5,196.1,1022.2,311.3,755.4000000000001,
INTU,2000,2000-07-31,409.1,422.5,0.34,9.1,536.8,529.6,305.7,322.2,2000-07-31,538.7,216.6,165.9,945.9,295.5,619.1,
INTU,1999,1999-07-31,352.6,399.6,1.11,34.6,542.2,597.5,386.6,386.5,1999-07-31,632,245.6,143.4,894.8,307.1,553.3,
INTU,1998,1998-07-31,257.6,327.8,0.23,-15.7,431.7,12.4,6.2,6.2,1998-07-31,1.1,-5.1,108.6,689.3,255.8,447.29999999999995,
INTU,1997,1997-07-31,257,278.5,0.12,0,341.9,9.8,68.3,-2.9,1997-07-31,9.8,12.7,93,598.9,199.5,342,
INTU,1996,1996-07-31,136.5,270.9,0.07,-5.8,402.1,7.6,-20.7,-14.4,1996-07-31,1.9,16.2,75.6,538.6,282.3,407.9,
INTU,1995,1995-07-31,110.3,248.5,0.14,-65,308.8,45,-44.3,-44.3,1995-07-31,-20,24.3,57.3,419.2,210.9,373.9,
INTU,1994,1994-07-31,73.7,206.7,-0.03,-182.7,136.7,1.2,-184,-184,1994-07-31,-181.5,2.5,26.1,210.4,100.9,319.3,
INTU,1993,1993-09-30,61.8,136.2,0.06,13.2,59.6,0.5,8.4,8.4,1993-09-30,13.8,5.3,12.5,121.4,33.9,46.3,
INTU,1992,1992-09-30,29.1,126.1,0.04,7.9,54.7,0.3,5.3,5.3,1992-09-30,8.1,2.9,8,83.8,38.8,46.800000000000004,
INTU,1991,1991-09-30,15.5,123.4,0.03,6.4,29,0.3,4.3,4.3,1991-09-30,6.7,2.4,5.5,44.5,17.1,22.700000000000003,
INTU,1990,1990-09-30,12,120.2,0.03,5.5,21.1,0.1,3.6,3.6,1990-09-30,5.6,2.1,2.7,33.1,12.9,15.600000000000001,
INTU,1989,1989-09-30,6.9,116.1,0.02,4.3,11.8,0.1,2.7,2.7,1989-09-30,4.4,1.7,0.7,18.7,6.8,7.5,
INTU,1988,1988-09-30,2.2,113.2,0.01,1.4,3.9,0,0.9,0.9,1988-09-30,1.5,0.6,0.5,6.1,2,2.5,
ISRG,2019,2019-12-31,1368.3,119.5,11.54842,1374.5,3110.2,127.7,1379.3,1381.8,2019-12-31,1502.2,120.4,557.3,4478.5,1177.6,1735.7,
ISRG,2018,2018-12-31,1120.1,118.8,9.83299,1199.4,2604.1,80.1,1127.9,1125.5,2018-12-31,1279.5,154,418.1,3724.2,941.4,1404.7000000000003,
ISRG,2017,2017-12-31,936.2,116.3,8.63595,1062.9,2202,41.9,670.9,988.7,2017-12-31,1104.8,116.1,328.6,3138.2,793,1139.1000000000001,
ISRG,2016,2016-12-31,813.6,117.9,6.33899,949.7,1892.9,35.6,738.3,738.3,2016-12-31,985.3,247,239.6,2706.5,691.5,943.1999999999999,
ISRG,2015,2015-12-31,806.5,113.70114,5.26861,740,1577.9,18.5,588.8,588.8,2015-12-31,758.5,169.7,197.4,2384.4,627.3,837.9000000000001,
ISRG,2014,2014-12-31,717.9,113.1,4.26,544.8,1413.8,4.2,418.8,418.8,2014-12-31,549,130.2,178,2131.7,608.6,869.0000000000001,
ISRG,2013,2013-12-31,670.9,120.3,5.58,852.5,1594.2,18.4,671,671,2013-12-31,870.9,199.9,167.7,2265.1,574,741.6999999999999,
ISRG,2012,2012-12-31,608.5,123.3,5.33,878.1,1570.3,15.8,656.6,656.6,2012-12-31,893.9,237.3,170,2178.8,522.2,692.2,
ISRG,2011,2011-12-31,483.5,120.6,4.11,694.8,1273.8,14.9,495.1,495.1,2011-12-31,709.7,214.6,140.2,1757.3,438.8,579,
ISRG,2010,2010-12-31,383,120.9,3.16,555.2,1030,17.1,381.8,381.8,2010-12-31,572.3,190.5,116,1413,358.8,474.79999999999995,
ISRG,2009,2009-12-31,301.1,117.6,1.98,377.4,751.1,18.7,232.6,232.6,2009-12-31,396.1,163.5,95.1,1052.2,278.5,373.6,
ISRG,2008,2008-12-31,254.1,119.8,1.71,310.8,620.8,24.4,204.3,204.3,2008-12-31,335.2,130.9,79.4,874.9,230.6,310,
ISRG,2007,2007-12-31,186.5,117.1,1.26,206.7,414.3,30.5,144.5,144.5,2007-12-31,237.2,92.7,48.9,600.8,158.7,207.60000000000002,
ISRG,2006,2006-12-31,124.8,114.3,0.63,107.4,247.8,12.8,72,72,2006-12-31,120.1,48.1,29.8,372.7,110.7,140.5,
ISRG,2005,2005-12-31,73.8,112.5,0.84,68.8,153.6,5.6,94.1,94.1,2005-12-31,73.8,-20.3,17.4,227.3,67.4,84.8,-0.5
ISRG,2004,2004-12-31,50.8,104.9,0.22,21.2,88,2.8,23.5,23.5,2004-12-31,24.2,0.7,17.8,138.8,49,66.8,0.2
ISRG,2003,2003-12-31,47.6,70.9,-0.14,-11.9,44,1.9,-9.6,-9.6,2003-12-31,-9.6,0,16.2,91.7,39.7,55.99999999999999,0.4
ISRG,2002,2002-12-31,38.1,54.7,-0.34,-20.2,33.9,1.8,-18.4,-18.4,2002-12-31,-18.4,0,16.8,72,37.3,54.1,0
ISRG,2001,2001-12-31,30.2,53.7,-0.31,-20.4,21.5,3.6,-16.7,-16.7,2001-12-31,-16.7,0,13.9,51.7,28,41.89999999999999,0
ISRG,2000,2000-12-31,18,35.7,-0.52,-22.3,8.6,3.9,-18.5,-18.5,2000-12-31,-18.5,0,11.7,26.6,19.1,30.9,-0.1
ISRG,1999,1999-12-31,9.3,7.3,-2.54,-19.5,0.9,1.1,-18.4,-18.4,1999-12-31,-18.4,0,11.1,10.2,9.3,20.4,0
ISRG,1998,1998-12-31,0,5.4,-5.42,-30.8,0,1.3,-29.4,-29.4,1998-12-31,-29.4,0,23.2,0,7.6,30.8,0
ISRG,1997,1997-12-31,0,3.1,-5.59,-24.7,0,1.1,-23.6,-23.6,1997-12-31,-23.6,0,14.3,0,4.4,24.7,
IVZ,2019,2019-12-31,1893,440.5,2.44057,808.2,4224.4,61.3,688.3,737.8,2019-12-31,972.9,235.1,,6117.4,2743.2,3416.2,103.4
IVZ,2018,2018-12-31,1608.2,412.5,2.43322,1204.9,3705.9,-56.3,882.8,896.2,2018-12-31,1138.1,241.9,,5314.1,2364.1,2501,-10.5
IVZ,2017,2017-12-31,1486.5,409.9,2.61036,1279.1,3673.8,-57.7,1127.3,1030.3,2017-12-31,1429.2,398.9,,5160.3,2292.9,2394.7,207.8
IVZ,2016,2016-12-31,1407.2,415,2.05831,1184.6,3335.4,-54.4,854.2,868.3,2016-12-31,1206.6,338.3,,4742.6,2150.8,2150.8,76.4
IVZ,2015,2015-12-31,1579.9,429.3,2.28062,1370.9,3571,-39.9,968.1,964.1,2015-12-31,1362.1,398,,5150.9,2184.6,2200.1,31.1
IVZ,2014,2014-12-31,1630.7,435.6,2.28,1292.3,3531.8,-14.4,988.1,1004.5,2014-12-31,1395.1,390.6,,5162.5,2239.5,2239.5,117.2
IVZ,2013,2013-12-31,1489.2,448.5,1.96,1158.7,3193.9,2.1,940.3,918.3,2013-12-31,1255.2,336.9,,4683.1,2032,2035.2,94.4
IVZ,2012,2012-12-31,1311.8,453.8,1.51,870.7,2865.2,-12,677.1,587.3,2012-12-31,859.5,272.2,,4177,1985.5,1994.5000000000002,0.8
IVZ,2011,2011-12-31,1282.5,464.7,1.55,942.1,2809.7,-15.3,729.7,622,2011-12-31,908.1,286.1,,4092.2,1882.2,1867.6,-18.7
IVZ,2010,2010-12-31,972.7,463.2,1.26,582.9,2515,14.6,465.7,636.8,2010-12-31,833.8,197,,3487.7,1775.1,1932.1000000000001,236.3
IVZ,2009,2009-12-31,693.4,423.6,0.79,476.1,1933.9,-11.7,322.5,209.3,2009-12-31,357.5,148.2,,2627.3,1438.8,1457.7999999999997,-106.9
IVZ,2008,2008-12-31,875.5,399.1,1.26,716.6,2432.1,-1.6,481.7,421,2008-12-31,657,236,,3307.6,1684.3,1715.5,-58
IVZ,2007,2007-12-31,1051.1,411.9,1.66,980.7,2827.8,47.2,673.6,886.5,2007-12-31,1243.8,357.3,,3878.9,1833.5,1847.1,214.3
IVZ,2006,2006-12-31,123.2,406.1,1.17,785.4,3118.2,-54.3,473.8,490.8,2006-12-31,754.6,263.8,,3241.4,1506,1506,27.9
IVZ,2005,2005-12-31,139,402.5,0.67,424.6,2740.3,-61.8,223.6,213.4,2005-12-31,360.1,146.7,,2879.2,1534,1609.7,
IVZ,2004,2004-12-31,1575,401.1,1.22,-199.4,547.1,-52.8,-96.8,-316.9,2004-12-31,-252.2,64.7,,2122.1,,746.5,
IVZ,2003,2003-12-31,1384,405.2,1.38,125.7,507.8,-66.2,227.3,-28.2,2003-12-31,59.5,87.7,,1891.8,,382.20000000000005,
IVZ,2002,2002-12-31,1468.4,409.8,1.31,222.5,550.7,-69,243,25.4,2002-12-31,153.5,128.1,,2019.2,,328.1999999999998,
IVZ,2001,2001-12-31,1579.1,415,0.87,469.3,753.7,-65.5,115.5,222.9,2001-12-31,403.9,180.9,,2332.8,,284.4000000000001,
IVZ,2000,2000-12-31,1651.2,360.4,1.01,727.2,812.5,-52.1,273.4,436.5,2000-12-31,675,238.6,,2463.7,,85.39999999999986,
IVZ,1999,1999-12-31,1163.6,333.5,0.61,510.9,570.3,-53.2,142.3,292.7,1999-12-31,457.7,164.9,,1733.9,,59.40000000000009,
IVZ,1998,1998-12-31,983.3,321.7,0.34,310.7,345.8,-43.1,73.3,155.9,1998-12-31,267.6,111.6,,1329.2,,35.200000000000045,
IVZ,1997,1997-12-31,564.6,283.7,0.4,304.9,304.9,-14.4,113.1,191.7,1997-12-31,290.5,98.8,,869.5,,0,
IVZ,1996,1996-12-31,268.4,163.4,0.31,100.3,100.3,2.7,48.4,70.2,1996-12-31,103,32.7,,368.6,,0,
IVZ,1995,1995-12-31,230.3,138.1,0.27,78,72.8,1.6,37.2,57.1,1995-12-31,79.6,22.4,,303.1,,-5.100000000000023,
IPGP,2019,2019-12-31,708.372,53.839,3.94414,233.793,606.209,14.238,180.234,180.261,2019-12-31,248.376,68.115,129.997,1314.581,185.342,372.41600000000005,0.345
IPGP,2018,2018-12-31,659.606,54.726,7.61578,523.405,800.268,9.057,404.027,416.923,2018-12-31,534.395,117.472,122.769,1459.874,160.244,276.86300000000006,1.933
IPGP,2017,2017-12-31,611.978,54.699,7.25829,551.112,796.911,0.737,347.614,396.995,2017-12-31,551.871,154.876,100.87,1408.889,130.469,245.7990000000001,0.022
IPGP,2016,2016-12-31,453.933,53.797,4.84696,364.313,552.24,1.304,260.752,260.716,2016-12-31,366.565,105.849,78.552,1006.173,104.879,187.92700000000002,0.948
IPGP,2015,2015-12-31,409.388,53.427,4.53243,342.043,491.877,-0.301,242.154,242.027,2015-12-31,341.617,99.59,63.334,901.265,89.06,149.834,-0.125
IPGP,2014,2014-12-31,353.314,52.824,3.79458,283.758,416.518,-0.077,200.445,200.445,2014-12-31,284.474,84.029,53.403,769.832,85.975,132.76,0.793
IPGP,2013,2013-12-31,308.1,52.4,2.97,218.1,339.9,0,155.8,155.8,2013-12-31,218.3,62.5,41.7,648,77.6,121.79999999999995,0.2
IPGP,2012,2012-12-31,257.8,51.5,2.82,208.9,304.7,0.3,145,147.7,2012-12-31,209.2,61.5,31.4,562.5,63.1,95.80000000000001,0
IPGP,2011,2011-12-31,217.2,48.7,2.41,175.5,257.3,-0.7,117.3,121,2011-12-31,174.6,53.6,25.4,474.5,59.2,81.80000000000001,-0.3
IPGP,2010,2010-12-31,152.8,47.6,1.2,80.4,146.5,-1.2,54,54.4,2010-12-31,79.3,24.9,19.2,299.3,47.7,66.1,0
IPGP,2009,2009-12-31,121.6,46.6,0.12,9.1,64.3,-1.3,5.4,5.3,2009-12-31,7.8,2.5,18.5,185.9,35.6,55.20000000000002,0
IPGP,2008,2008-12-31,121.8,46.2,0.79,57.2,107.3,-0.8,36.7,38.5,2008-12-31,56.6,18.1,15.8,229.1,37.1,50.10000000000001,0.1
IPGP,2007,2007-12-31,103.7,45.7,0.65,46.3,85,0.7,29.9,32.1,2007-12-31,47.6,15.5,9.5,188.7,30.3,38.7,0.6
IPGP,2006,2006-12-31,79.9,33,0.27,36,63.3,-1.5,29.2,31.1,2006-12-31,28.1,-3,6.5,143.2,20.7,27.299999999999997,-6.4
IPGP,2005,2005-12-31,62.5,42.9,0.12,14.3,33.9,-1.8,7.4,7.9,2005-12-31,11.9,4.1,5.8,96.4,13.8,19.599999999999994,-0.5
IPGP,2004,2004-12-31,42.3,42.9,-0.01,3.1,18.4,-2.2,2,2.1,2004-12-31,0.5,-1.6,4.8,60.7,10.5,15.300000000000004,-0.4
IPGP,2003,2003-12-31,38.6,42.9,-0.83,-27,-4.8,-1.5,-28.2,-28.3,2003-12-31,-30.5,-2.2,10.1,33.7,12.1,22.199999999999996,-2
IQV,2019,2019-12-31,7300,199.6,1.28945,753,3788,-438,191,236,2019-12-31,352,116,,11088,1734,3035,37
IQV,2018,2018-12-31,6746,208.2,1.31575,739,3666,-406,259,234,2018-12-31,328,94,,10412,1716,2927,-5
IQV,2017,2017-12-31,6301,222.6,1.75337,646,3401,-339,1277,320,2017-12-31,294,-26,,9702,1622,2755,-13
IQV,2016,2016-12-31,4748,152,1.40164,545,2067,-140,72,91,2016-12-31,416,325,,6815,1016,1522,11
IQV,2015,2015-12-31,4136.786,125.63,3.31229,638.832,1600.833,-97.475,387.205,380.006,2015-12-31,538.995,158.989,,5737.619,920.985,962.0010000000002,-2.362
IQV,2014,2014-12-31,3978,131,2.77,590,1482,-97,356,352,2014-12-31,502,150,,5460,882,892,9
IQV,2013,2013-12-31,3763,128,1.96,443,1337,-124,227,227,2013-12-31,323,96,,5100,861,894,4
IQV,2012,2012-12-31,3633,118,1.62,395,1233,-132,178,174,2012-12-31,267,93,,4866,818,837,5
IQV,2011,2011-12-31,3186,118,2.68,299,1142,-103,242,170,2011-12-31,185,15,,4328,762,843,-11
IQV,2010,2010-12-31,2805,118,1.51,395,1119,-156,161,164,2010-12-31,242,78,,3924,698,724,2
IQV,2009,2009-12-31,2784,118,1.88,416,1116,-106,210,212,2009-12-31,301,88,,3900,684,699,-10
IQV,2008,2008-12-31,2755,116,0.56,251,1007,-135,35,25,2008-12-31,148,123,,3762,689,756,15
IRM,2019,2019-12-31,1833.315,287.687,0.92355,781.338,2429.269,-444.15,267.377,268.211,2019-12-31,328.142,59.931,,4262.584,991.664,1647.931,-9.046
IRM,2018,2018-12-31,1793.954,286.653,1.20632,808.267,2431.807,-394.081,353.933,367.558,2018-12-31,410.311,42.753,,4225.761,1006.983,1623.5400000000002,-3.875
IRM,2017,2017-12-31,1664.825,266.845,0.92517,634.051,2180.753,-394.064,170.113,173.33,2017-12-31,200.977,27.647,,3845.578,937.18,1546.702,-39.01
IRM,2016,2016-12-31,1567.777,247.267,0.44465,490.796,1943.676,-331.075,102.644,101.7,2016-12-31,146.644,44.944,,3511.453,988.332,1452.88,-13.077
IRM,2015,2015-12-31,1286.625,212.118,0.77527,497.222,1721.351,-355.016,122.391,124.353,2015-12-31,162.066,37.713,,3007.976,824.96,1224.129,19.86
IRM,2014,2014-12-31,1343.4,211,1.61,532.8,1774.3,-337,317.8,320.6,2014-12-31,223.4,-97.3,,3117.7,867.3,1241.5,27.6
IRM,2013,2013-12-31,1288.9,192.4,0.64,448.7,1737,-290.4,97.3,100,2013-12-31,163,63.1,,3025.9,924,1288.4,4.7
IRM,2012,2012-12-31,1277.1,174.9,1.08,546.4,1728.1,-252.8,171.7,183.5,2012-12-31,298.4,114.9,,3005.3,850.4,1181.8000000000002,4.8
IRM,2011,2011-12-31,1245.2,212,1.29,570.2,1769.5,-222.6,395.5,246.4,2011-12-31,352.9,106.5,,3014.7,834.6,1199.3,5.3
IRM,2010,2010-12-31,1254.2,218.6,0.58,321.8,1873.4,-226.3,-53.9,-49,2010-12-31,100.8,149.8,,3127.5,927.9,1551.6000000000001,5.3
IRM,2009,2009-12-31,1271.2,221.1,1.01,545.5,1742.4,-215.3,220.9,222.3,2009-12-31,332.8,110.5,,3013.6,874.4,1196.8999999999999,2.6
IRM,2008,2008-12-31,1382,220,0.4,492.1,1673.1,-265.5,82,81.9,2008-12-31,224.9,142.9,,3055.1,882.4,1181,-1.7
IRM,2007,2007-12-31,1260.1,218.7,0.7,449,1469.9,-239.9,153.1,154,2007-12-31,223,69,,2730,771.4,1020.9000000000001,13.9
IRM,2006,2006-12-31,1074.3,216.9,0.58,404.2,1276.1,-182.4,128.9,130.4,2006-12-31,224.2,93.8,,2350.3,670.1,871.8,2.4
IRM,2005,2005-12-31,938.2,214.4,0.52,386.8,1139.9,-190.8,111.1,115.5,2005-12-31,197,81.5,,2078.2,569.7,753.2,1
IRM,2004,2004-12-31,823.9,212.9,0.45,342,993.7,-176.8,94.2,97.2,2004-12-31,166.7,69.6,,1817.6,486.2,651.6,1.5
IRM,2003,2003-12-31,680.7,211.2,0.48,276.7,820.6,-119.8,84.6,90.3,2003-12-31,157,66.7,,1501.3,383.6,543.8999999999999,0.1
IRM,2002,2002-12-31,622.3,209.6,0.32,249.8,696.2,-132.4,58.3,67.2,2002-12-31,116.5,49.3,,1318.5,332.3,446.4000000000001,-0.9
IRM,2001,2001-12-31,561.9,203.7,-0.17,133.2,609.2,-134.7,-44.1,-46,2001-12-31,-20,26,,1171.1,306.9,476.1,-18.4
IRM,2000,2000-12-31,482.8,194,-0.1,103.1,503.6,-118,-27.8,-30,2000-12-31,-20.9,9.1,,986.4,261.7,400.49999999999994,-6
IRM,1999,1999-12-31,260.9,121.8,-0.01,64.2,258.6,-54.4,-14.2,-0.7,1999-12-31,9.8,10.6,,519.5,128.9,194.40000000000003,0
IRM,1998,1998-12-31,221,100.3,-0.03,48.4,202.5,-45.8,-3,-3,1998-12-31,4,6.9,,423.5,105,154.2,1.4
IRM,1997,1997-12-31,106.9,62.7,-0.07,23.1,101.9,-27.7,-4.5,-4.5,1997-12-31,-4.6,-0.1,,208.8,51.7,78.79999999999998,0
IRM,1996,1996-12-31,70.7,50.8,-0.01,14.6,68,-14.9,-1.8,-1.8,1996-12-31,-0.3,1.4,,138.7,34.3,53.5,0
IRM,1995,1995-12-31,52.3,42.6,-0.04,13.8,52.2,-11.8,0.2,0.2,1995-12-31,1.9,1.7,,104.4,26,38.400000000000006,
IRM,1994,1994-12-31,45.9,43.7,0,12.2,41.7,-9,1.3,1.3,1994-12-31,3.2,2,,87.6,20.9,29.500000000000007,
IRM,1993,1993-12-31,43.1,44.2,0.01,11.9,38.6,-8.2,1.6,1.6,1993-12-31,3.7,2.1,,81.7,20,26.699999999999996,
IRM,1992,1992-12-31,35.2,44.1,0.02,12.1,35.5,-8.4,1.6,1.6,1992-12-31,3.7,2.1,,70.7,17.6,23.4,
IRM,1991,1991-12-31,31.4,44,-0.04,7.3,31.5,-8.6,-1.4,-1.4,1991-12-31,-1.3,0.1,,62.8,16.5,24.1,
IRM,1990,1990-12-31,27.5,44,-0.11,4.9,28.6,-11.5,-4.6,-4.6,1990-12-31,-6.7,-2.1,,56.1,16.5,23.799999999999997,
JBHT,2019,2019-12-31,7492.971,108.307,4.76719,733.825,1672.287,-52.93,516.32,516.32,2019-12-31,680.895,164.575,,9165.258,226.73,938.4620000000014,
JBHT,2018,2018-12-31,7123.293,110.428,4.46267,681.021,1491.581,-40.203,489.585,492.804,2018-12-31,640.818,148.014,,8614.874,194.181,810.5600000000004,
JBHT,2017,2017-12-31,5863.996,111.049,8.96418,623.789,1325.572,-28.55,686.263,995.463,2017-12-31,595.239,-400.224,,7189.568,149.861,701.7830000000004,
JBHT,2016,2016-12-31,5241.539,113.361,3.81163,721.02,1313.92,-25.223,432.09,432.09,2016-12-31,695.797,263.707,,6555.459,107.026,592.9000000000005,
JBHT,2015,2015-12-31,4922.456,116.728,3.66009,715.694,1265.19,-25.491,427.235,427.235,2015-12-31,690.203,262.968,,6187.646,93.11,549.4960000000001,
JBHT,2014,2014-12-31,5048.1,118.4,3.16,631.5,1117.3,-26.9,374.8,374.8,2014-12-31,604.6,229.8,,6165.4,71.4,485.7999999999993,
JBHT,2013,2013-12-31,4602.4,119.4,2.87,576.7,982.2,-23.1,342.4,342.4,2013-12-31,553.6,211.2,,5584.6,64.6,405.5,
JBHT,2012,2012-12-31,4167.6,120,2.59,530.2,887.3,-25.6,310.4,310.4,2012-12-31,504.6,194.3,,5055,44.7,357.1999999999998,
JBHT,2011,2011-12-31,3748.8,121.9,2.11,444.2,778.1,-28.5,257,257,2011-12-31,415.7,158.7,,4526.8,47.1,333.7999999999997,
JBHT,2010,2010-12-31,3118.4,127.8,1.56,347.6,675.1,-27.9,199.6,199.6,2010-12-31,319.7,120.1,,3793.5,55.2,327.5,
JBHT,2009,2009-12-31,2621.8,129.5,1.1,248,581.5,-23.9,136.4,136.4,2009-12-31,224.1,87.6,,3203.3,55,333.5999999999999,
JBHT,2008,2008-12-31,3017.7,128.5,1.57,358.4,714.3,-36.2,200.6,200.6,2008-12-31,322.2,121.6,,3731.9,57.9,355.8000000000002,
JBHT,2007,2007-12-31,2743.4,137.6,1.59,368.8,746.5,-43.7,213.1,213.1,2007-12-31,325,111.9,,3489.9,61,377.6999999999998,
JBHT,2006,2006-12-31,2609.9,152.3,1.44,372.7,718.1,-18.3,220,220,2006-12-31,354.3,134.4,,3328,55.8,345.4000000000001,
JBHT,2005,2005-12-31,2435.5,162.6,1.37,343.9,692.4,-10.3,207.3,207.3,2005-12-31,333.6,126.3,,3127.9,68.5,348.5,
JBHT,2004,2004-12-31,2174.9,166.9,0.88,310.2,611.3,-7.9,146.3,146.3,2004-12-31,302.3,156,,2786.2,61.5,301,
JBHT,2003,2003-12-31,1942.7,163.7,0.58,185.6,490.8,-17.9,95.5,95.5,2003-12-31,167.7,72.3,,2433.5,58.2,305.10000000000014,
JBHT,2002,2002-12-31,1858.3,156.2,0.33,101,389.6,-26.1,51.8,51.8,2002-12-31,74.8,23,,2247.9,53.9,288.60000000000014,
JBHT,2001,2001-12-31,1766.7,144.8,0.23,72.2,333.6,-29.1,32.9,32.9,2001-12-31,43.1,10.1,,2100.3,43.6,261.39999999999986,
JBHT,2000,2000-12-31,1837.9,141.7,0.25,63.4,322.5,-21,36.1,36.1,2000-12-31,42.4,6.4,,2160.4,53.1,259.0999999999999,
JBHT,1999,1999-12-31,1698.1,143.2,0.22,74.3,347,-25.2,31.9,31.9,1999-12-31,49.1,17.2,,2045.1,56,272.70000000000005,
JBHT,1998,1998-12-31,1497.7,146.4,0.32,101.5,343.9,-27.2,46.8,46.8,1998-12-31,74.3,27.5,,1841.6,45.3,242.39999999999986,
JBHT,1997,1997-12-31,1282,145.8,0.08,42.9,272.3,-24.6,11.4,11.4,1997-12-31,18.3,7,,1554.3,36.2,229.4000000000001,
JBHT,1996,1996-12-31,1168.7,151.9,0.15,60.4,318.1,-24.7,22.1,22.1,1996-12-31,35.7,13.6,,1486.7,47,257.70000000000005,
JBHT,1995,1995-12-31,1058.4,154.1,0.06,21.3,293.8,-24.8,-2.2,-2.2,1995-12-31,-3.4,-1.3,,1352.2,47.8,272.5,
JBHT,1994,1994-12-31,907.3,154.2,0.26,84.9,300.3,-19.7,40.4,40.4,1994-12-31,65.1,24.8,,1207.6,39.8,215.4000000000001,
JBHT,1993,1993-12-31,760.1,153.1,0.25,78.6,260.9,-13.8,38.2,38.2,1993-12-31,64.8,26.6,,1020.9,29.7,182.19999999999993,
JBHT,1992,1992-12-31,589.6,143.1,0.26,69.1,322.4,-10.9,38.8,36.9,1992-12-31,58.2,21.2,,912,18.6,253.29999999999995,
JBHT,1991,1991-12-31,464.2,138.8,0.21,59.4,269.1,-10.7,27.9,29.5,1991-12-31,48.7,19.2,,733.3,15.2,209.7,
JBHT,1990,1990-12-31,344.2,141,0.21,56.9,235.7,-7.2,30,30,1990-12-31,49.7,19.6,,579.8,13.4,178.8,
JBHT,1989,1989-12-31,447.5,141.7,0.22,61.8,61.8,-9.4,30.6,30.6,1989-12-31,52.3,21.7,,509.3,,0,
JBHT,1988,1988-12-31,332.8,141.5,0.23,59.7,59.7,-6.5,33,33,1988-12-31,53.2,20.2,,392.6,,0,
JBHT,1987,1987-12-31,243.5,141.3,0.16,43,43,-4.2,25.9,22.4,1987-12-31,38.8,16.4,,286.4,,0,
JBHT,1986,1986-12-31,157.1,141.2,0.18,46.7,46.7,-2.9,24.7,24.7,1986-12-31,43.8,19.1,,203.8,,0,
JBHT,1985,1985-12-31,104.8,140,0.12,26.7,26.7,-1.2,16.3,16.3,1985-12-31,25.5,9.2,,131.5,,0,
JBHT,1984,1984-12-31,74.3,132.7,0.11,23.6,23.6,-1,14.1,14.1,1984-12-31,22.6,8.5,,97.9,,0,
JBHT,1983,1983-12-31,49.5,117.9,0.07,13.5,13.5,-2,8.4,7.7,1983-12-31,11.5,3.8,,63,,0,
JKHY,2020,2020-06-30,1008.464,76.934,3.90017,380.627,688.603,0.449,296.668,296.668,2020-06-30,381.076,84.408,109.988,1697.067,193.636,307.976,
JKHY,2019,2019-06-30,923.03,77.347,3.51513,347.285,629.661,-0.05,271.885,271.885,2019-06-30,347.235,75.35,96.378,1552.691,185.998,282.376,
JKHY,2018,2018-06-30,853.138,77.585,3.31386,357.503,617.659,-1.345,365.034,258.233,2018-06-30,356.158,97.925,90.34,1470.797,171.371,260.15600000000006,
JKHY,2017,2017-06-30,805.855,78.255,2.90537,341.717,582.435,-0.748,229.561,229.561,2017-06-30,340.969,111.408,84.753,1388.29,159.235,240.71800000000007,
JKHY,2016,2016-06-30,773.651,79.734,2.95248,361.659,580.995,-1.123,248.867,248.867,2016-06-30,360.536,111.669,81.234,1354.646,157.593,219.336,
JKHY,2015,2015-06-30,720.336,81.601,2.53223,317.865,535.854,-1.425,211.221,211.221,2015-06-30,316.44,105.219,71.495,1256.19,153.368,217.98900000000003,
JKHY,2014,2014-06-30,679.4,85.4,2.19,288.3,493.8,-0.7,186.7,186.7,2014-06-30,287.6,100.9,66.7,1173.2,138.8,205.5,
JKHY,2013,2013-06-30,646.1,86.6,1.94,250.8,461.4,-5.7,167.6,167.6,2013-06-30,245.1,77.5,63.2,1107.5,147.4,210.69999999999993,
JKHY,2012,2012-06-30,598.8,87.3,1.74,231.6,418.8,-4.6,152,152,2012-06-30,227,75,60.9,1017.7,126.4,187.30000000000007,
JKHY,2011,2011-06-30,567.6,86.7,1.59,216.3,399.3,-8.8,137.5,137.5,2011-06-30,207.5,70,63.4,966.9,119.6,183,
JKHY,2010,2010-06-30,491.5,85.4,1.38,182.3,345.1,-1.5,117.9,117.9,2010-06-30,180.8,62.9,50.8,836.6,112,162.79999999999995,
JKHY,2009,2009-06-30,446.2,84.8,1.22,157.9,299.4,-0.6,103.1,103.1,2009-06-30,157.3,54.2,42.9,745.6,98.6,141.50000000000006,
JKHY,2008,2008-06-30,435.7,89.7,1.17,164.2,307.2,0.2,104.2,105.3,2008-06-30,164.4,59.1,43.3,742.9,99.7,143.00000000000006,
JKHY,2007,2007-06-30,379.7,92,1.15,160,286.8,1.6,104.7,105.6,2007-06-30,161.7,56,36,666.5,90.8,126.69999999999999,
JKHY,2006,2006-06-30,333.9,93.8,0.97,140.8,257,0.7,89.9,90.9,2006-06-30,141.5,50.7,31.9,590.9,84.3,116.20000000000005,
JKHY,2005,2005-06-30,313.4,93,0.81,119.1,222.5,0.8,75.5,75.5,2005-06-30,119.8,44.3,27.7,535.9,75.7,103.40000000000003,
JKHY,2004,2004-06-30,279.4,91.9,0.68,98.8,188,0.9,62.3,62.3,2004-06-30,99.7,37.4,23.7,467.4,65.5,89.20000000000005,
JKHY,2003,2003-06-30,251.3,89.3,0.55,77.3,153.3,0.5,49.4,49.4,2003-06-30,77.8,28.4,15.9,404.6,60.2,76.09999999999997,
JKHY,2002,2002-06-30,235.4,92.4,0.62,86.6,161.2,1.8,57.1,57.1,2002-06-30,88.5,31.4,12.5,396.7,62,74.6,0
JKHY,2001,2001-06-30,215.3,91.3,0.61,85.7,151.6,1.2,55.6,55.6,2001-06-30,86.9,31.3,10.9,366.9,55,65.89999999999998,0
JKHY,2000,2000-06-30,141.7,85.3,0.4,51,98.1,-0.4,34,34.4,2000-06-30,51.8,17.4,8,239.8,39.1,47.10000000000002,1.1
JKHY,1999,1999-06-30,107.2,85.3,0.38,49.7,86.3,1.5,32,32.7,1999-06-30,51.6,18.9,5.2,193.5,31.4,36.60000000000001,0.4
JKHY,1998,1998-06-30,81,83.2,0.29,36.3,67.2,1.3,23.5,24.2,1998-06-30,37.9,13.7,4.2,148.2,26.8,31,0.3
JKHY,1997,1997-06-30,68.4,80.5,0.23,27.5,52.4,0.7,17.8,18.3,1997-06-30,28.4,10.1,3,120.8,21.9,24.799999999999997,0.1
JKHY,1996,1996-06-30,33.6,74.9,0.16,19.2,34,0.5,9.6,12.3,1996-06-30,19.9,7.6,1.8,67.6,13,14.799999999999997,0.1
JKHY,1995,1995-06-30,22.9,72.3,0.11,11.8,23.2,0.7,8,8,1995-06-30,12.6,4.7,1.1,46.1,10.3,11.399999999999999,0.1
JKHY,1994,1994-06-30,20.5,72,0.09,8.8,17.9,0.6,6.3,6.3,1994-06-30,9.8,3.5,1,38.4,8.1,9,0.4
JKHY,1993,1993-06-30,18.6,69.3,0.08,7.3,14,0.5,6.3,5.3,1993-06-30,7.9,2.6,0.8,32.6,5.9,6.699999999999999,0.1
JKHY,1992,1992-06-30,12.8,66.1,0.06,5.3,11.1,0.8,4,3.9,1992-06-30,6.1,2.2,0.6,23.9,5.2,5.800000000000001,0
JKHY,1991,1991-06-30,12.5,63.6,0.03,3.1,8.3,0.5,2.2,2.2,1991-06-30,3.5,1.3,0.5,20.7,4.7,5.100000000000001,-0.1
JKHY,1990,1990-06-30,8.4,64.3,0.01,1.4,6.8,0.2,-0.5,0.9,1990-06-30,1.6,0.6,0.5,15.2,4.8,5.4,0
JKHY,1989,1989-06-30,4.8,65.2,0,0.3,6.6,0.2,-1.3,-0.3,1989-06-30,-0.5,-0.2,0.8,11.4,5.4,6.3,-1
JKHY,1988,1988-06-30,6.2,65.2,0.02,2,6.5,0.3,1.1,1.3,1988-06-30,2.1,0.8,0.2,12.7,4.2,4.499999999999999,-0.2
JKHY,1987,1987-06-30,7.4,62.2,0.01,1,5.8,0.4,0.6,0.8,1987-06-30,1.4,0.6,0.3,13.1,4.3,4.699999999999999,0
JKHY,1986,1986-06-30,7.7,52.6,0.02,1.6,5,0.4,1.1,1.1,1986-06-30,2,0.8,0.2,12.8,3.2,3.499999999999999,0
JKHY,1985,1985-06-30,7.9,44.8,0.03,1.9,4.5,0.1,1.2,1.2,1985-06-30,2.1,0.9,0.2,12.5,2.4,2.6999999999999993,0
JKHY,1984,1984-06-30,2.9,47.4,0.01,0.7,2.6,0,0.4,0.4,1984-06-30,0.7,0.3,0.1,5.5,1.8,1.9,0
J,2019,2019-09-27,10260.84,139.206,4.73149,404.851,2477.028,-74.36,847.184,350.472,2019-09-27,350.959,0.487,,12737.868,1740.077,2072.1769999999997,20.468
J,2018,2018-09-28,8421.223,137.536,1.85982,387.443,2158.55,-67.776,162.623,265.326,2018-09-28,330.981,65.655,,10579.773,1771.107,1771.107,11.314
J,2017,2017-09-29,5070.091,120.147,1.40236,244.142,1260.035,-3.287,292.433,170.051,2017-09-29,243.154,73.103,,6330.126,1015.893,1015.893,2.299
J,2016,2016-09-30,9196.326,121.483,-0.30467,297.188,1767.831,-7.412,210.463,214.515,2016-09-30,286.723,72.208,,10964.157,1616.863,1470.643,-3.053
J,2015,2015-10-02,10146.494,126.11,4.03966,445.527,1968.338,-12.241,302.971,328.882,2015-10-02,430.137,101.255,,12114.832,1365.619,1522.8109999999997,-3.149
J,2014,2014-09-26,10621,132,2.42,528,2074,-2,328,352,2014-09-26,542,190,,12695,1546,1546,4
J,2013,2013-09-27,9976,131,3.23,669,1842,-8,423,440,2013-09-27,662,221,,11818,1173,1173,0
J,2012,2012-09-28,9167,129,2.91,602,1727,-6,379,391,2012-09-28,593,202,,10894,1131,1124,-3
J,2011,2011-09-30,8822,127,2.6,519,1559,-4,331,335,2011-09-30,517,181,,10382,1041,1041,2
J,2010,2010-10-01,8583,126,2.43,400,1333,-5,246,246,2010-10-01,392,146,,9916,933,932,-3
J,2009,2009-10-02,9906,125,3.21,621,1561,10,400,400,2009-10-02,625,225,,11467,940,941,-6
J,2008,2008-09-30,9518,124,3.38,643,1734,11,421,421,2008-09-30,657,237,,11252,1091,1091,3
J,2007,2007-09-30,7263,122,2.35,442,1211,12,287,287,2007-09-30,449,162,,8474,769,769,-5
J,2006,2006-09-30,6487,120,1.64,302,934,8,197,197,2006-09-30,305,108,,7421,633,633,-4
J,2005,2005-09-30,4829,117,1.29,241,806,-2,151,151,2005-09-30,236,85,,5635,565,565,-3
J,2004,2004-09-30,3930,115,1.12,198,665,-1,129,129,2004-09-30,198,69,,4594,466,466,1
J,2003,2003-09-30,3990,113,1.14,197,626,-2,128,128,2003-09-30,197,69,,4616,429,428,2
J,2002,2002-09-30,3972,111,0.99,172,584,-5,110,110,2002-09-30,169,59,,4556,411,411,2
J,2001,2001-09-30,3452,109,0.87,144,505,-8,88,88,2001-09-30,138,50,,3957,361,361,2
J,2000,2000-09-30,2983,106,0.77,87,436,-7,51,51,2000-09-30,81,30,,3419,311,349,2
J,1999,1999-09-30,2478,106,0.67,108,397,-6,65,65,1999-09-30,105,39,,2875,289,289,2
J,1998,1998-09-30,1831,104,0.54,86,271,3,54,54,1998-09-30,89,34,,2101,184,184,0
J,1997,1997-09-30,1547,104,0.45,74,234,3,47,47,1997-09-30,77,31,,1781,160,160,1
J,1996,1996-09-30,1591,104,0.39,65,208,1,40,40,1996-09-30,67,26,,1799,143,143,1
J,1995,1995-09-30,1534,102,0.32,53,189,0,32,32,1995-09-30,53,21,,1723,137,136,0
J,1994,1994-09-30,1024,101,0.19,32,141,0,19,19,1994-09-30,31,13,,1166,110,110,-1
J,1993,1993-09-30,995,100,0.29,46,148,1,29,29,1993-09-30,49,21,,1143,102,102,2
J,1992,1992-09-30,987,96,0.28,39,119,2,27,27,1992-09-30,46,19,,1106,81,81,6
J,1991,1991-09-30,926,95,0.21,32,111,2,20,20,1991-09-30,35,15,,1036,78,78,1
J,1990,1990-09-30,793,90,0.16,22,88,1,14,14,1990-09-30,25,10,,882,67,67,2
J,1989,1989-09-30,722,86,0.12,15,72,1,10,10,1989-09-30,18,7,,794,57,57,2
J,1988,1988-09-30,698,78,0.08,10,59,1,7,7,1988-09-30,11,4,,757,49,49,0
J,1987,1987-09-30,283,77,0.05,4,37,1,4,4,1987-09-30,7,3,,320,33,33,2
J,1986,1986-09-30,176,76,0.01,3,32,1,1,1,1986-09-30,2,1,,208,29,29,-2
J,1985,1985-09-30,187,79,0.03,3,34,1,2,2,1985-09-30,4,2,,220,31,31,0
J,1984,1984-09-30,158,79,-0.15,-15,20,0,-9,-12,1984-09-30,-21,-10,,178,35,35,-6
J,1983,1983-09-30,172,79,-0.07,-15,24,4,-6,-6,1983-09-30,-11,-6,,196,39,38,0
SJM,2020,2020-04-30,4799,113.4,7.29639,1223.1,3002,-189.2,779.5,779.5,2020-04-30,1026.7,247.2,57.7,7801,1416.6,1778.8999999999996,-7.2
SJM,2019,2019-04-30,4922.3,113.1,6.09075,928.6,2915.7,-207.9,514.4,514.4,2019-04-30,701.6,187.2,56,7838,1452.6,1987.0999999999995,-19.1
SJM,2018,2018-04-30,4517.1,113,6.34057,1044,2840,-174.1,1338.6,572.8,2018-04-30,861,288.2,56,7357.1,1306.9,1796,-8.9
SJM,2017,2017-04-30,4551.3,115.6,6.35824,1042.6,2841,-163.1,592.3,592.3,2017-04-30,878.4,286.1,58.1,7392.3,1321.5,1798.3999999999996,-1.1
SJM,2016,2016-04-30,4831.2,118.95981,6.64091,1145.3,2980,-171.1,688.7,688.7,2016-04-30,977.9,289.2,,7811.2,1510.3,1834.6999999999998,3.7
SJM,2015,2015-04-30,3717.8,103.04355,3.72769,772,1974.9,-79.9,344.9,344.9,2015-04-30,523,178.1,0,5692.7,1031.3,1202.8999999999996,-169.1
SJM,2014,2014-04-30,3570.2,103.5,5.64,919,2040.4,-79.4,565.2,565.2,2014-04-30,849.7,284.5,,5610.6,988.8,1121.4000000000005,10.1
SJM,2013,2013-04-30,3858.6,107.9,6.84,910.4,2039.1,-93.4,544.2,544.2,2013-04-30,817.3,273.1,,5897.7,973.9,1128.7000000000003,0.3
SJM,2012,2012-04-30,3637.4,112.3,4.83,778.3,1888.4,-79.8,459.7,459.7,2012-04-30,701.2,241.4,,5525.8,892.7,1110.1,2.7
SJM,2011,2011-04-30,2973.1,118.3,4.66,784.3,1852.6,-67.1,479.5,479.5,2011-04-30,717.2,237.7,,4825.7,863.1,1068.4,0
SJM,2010,2010-04-30,2814.7,119.1,4.43,789.9,1790.6,-62.4,494.1,494.1,2010-04-30,730.8,236.6,,4605.3,878.2,1000.7000000000003,3.2
SJM,2009,2009-04-30,2506.5,85.3,3.77,451,1251.4,-55.5,266,266,2009-04-30,396.1,130.1,,3757.9,673.6,800.4000000000001,0.5
SJM,2008,2008-04-30,1741.1,56.7,3.17,284.2,783.7,-28.9,170.4,170.4,2008-04-30,254.8,84.4,,2524.8,486.6,499.5,-0.5
SJM,2007,2007-04-30,1436,57.1,2.89,257.1,712,-14.1,157.2,157.2,2007-04-30,241,83.8,,2148,442.8,455,-1.9
SJM,2006,2006-04-30,1459.6,58.4,2.77,228.7,695.1,-17.4,143.4,143.4,2006-04-30,215.6,72.2,,2154.7,438.5,466.4000000000001,4.2
SJM,2005,2005-04-30,1384,57.7,2.6,220.8,659.9,-17.9,129.1,130.5,2005-04-30,204.6,74.2,,2043.9,407.8,439.0999999999999,1.7
SJM,2004,2004-04-30,915.8,50.4,2.42,178.7,501.2,-3,111.4,111.4,2004-04-30,178.8,67.5,,1417,305.5,322.5,3.1
SJM,2003,2003-04-30,854.4,47.8,2.19,164.5,457.3,-6.7,96.3,96.3,2003-04-30,155.4,59,,1311.7,279.8,292.80000000000007,-2.4
SJM,2002,2002-04-30,462.2,23.5,1.44,54.8,225,-7,30.9,30.9,2002-04-30,50.2,19.3,,687.1,165.2,170.2,2.4
SJM,2001,2001-04-30,438.5,25.7,1.29,54.6,212.8,-4.9,30.7,31.7,2001-04-30,50,18.3,,651.2,156,158.10000000000002,0.2
SJM,2000,2000-04-30,414.5,28.8,1.24,41.2,218,-0.4,26.4,26.4,2000-04-30,41.5,15.2,,632.5,162.3,176.79999999999995,0.7
SJM,1999,1999-04-30,395.9,29.3,1.29,59,206.5,1.8,37.8,37.8,1999-04-30,61.6,23.9,,602.5,147.5,147.60000000000002,0.9
SJM,1998,1998-04-30,365.6,29.3,1.24,57.1,199.9,2.4,33.4,36.3,1998-04-30,60.8,24.4,,565.5,142.8,142.79999999999995,1.3
SJM,1997,1997-04-30,348.9,29.2,1.06,53.2,193.7,0.3,30.9,30.9,1997-04-30,53.2,22.2,,542.6,140.4,140.5,-0.3
SJM,1996,1996-04-30,337.1,29.2,1.17,54,191.5,-1.2,29.3,29.5,1996-04-30,44.8,15.3,,528.6,137.5,137.5,-1
SJM,1995,1995-04-30,411,29.2,1.24,62.5,217.3,-3.7,36.3,36.3,1995-04-30,61.4,25.1,,628.3,154.8,154.79999999999995,2.6
SJM,1994,1994-04-30,326.1,29.1,1.05,50.8,185.5,0.6,30.5,30.5,1994-04-30,52.7,22.2,,511.5,134.7,134.59999999999997,1.3
SJM,1993,1993-04-30,295,29.5,1.27,61.1,167.2,,32.9,37.4,1993-04-30,61.5,24.1,,462.2,106.1,106.10000000000002,0.4
SJM,1992,1992-04-30,314.1,29.4,1.16,54.5,169.3,,34.1,34.1,1992-04-30,56.1,22,,483.5,114.9,114.89999999999998,1.6
SJM,1991,1991-04-30,295.7,29.5,1.07,51.5,159.3,,31.7,31.7,1991-04-30,52.6,20.8,,455,107.8,107.69999999999999,1
SJM,1990,1990-04-30,281.5,29.5,1.02,49,140.9,,30.2,30.2,1990-04-30,49.9,19.8,,422.4,91.9,91.89999999999998,0.9
SJM,1989,1989-04-30,240.2,29.5,0.93,42.7,126.6,,27.6,27.6,1989-04-30,44.6,17,,366.9,83.9,83.90000000000003,1.9
SJM,1988,1988-04-30,206.1,29.4,0.78,37.6,108.1,,22.9,22.9,1988-04-30,38.6,15.7,,314.2,70.5,70.6,1
SJM,1987,1987-04-30,192.2,29.4,0.6,34.1,96.1,,17.7,17.7,1987-04-30,34.7,17.1,,288.3,62,62,0.7
SJM,1986,1986-04-30,175.7,29.4,0.54,29,87.1,,15.9,15.9,1986-04-30,30.1,14.2,,262.8,58.1,58.10000000000002,1.1
SJM,1985,1985-04-30,155.9,29.6,0.54,26.7,74.6,,15.9,15.9,1985-04-30,28.9,13,,230.5,47.9,47.900000000000006,2.2
SJM,1984,1984-04-30,146.9,29.5,0.47,24.1,68.1,,13.9,13.9,1984-04-30,26.2,12.3,,214.9,44,43.900000000000006,2.1
SJM,1983,1983-04-30,140.4,29.7,0.41,19.7,60,,12.3,12.3,1983-04-30,22.6,10.4,,200.4,40.3,40.29999999999998,3
JNJ,2019,2019-12-29,27456,2684.3,7.87,17328,54603,,15119,15119,2019-12-29,17328,2209,11355,82059,22178,37275,
JNJ,2018,2018-12-30,26986,2728.7,6.92185,17999,54595,,15297,15297,2018-12-30,17999,2702,10775,81581,22540,36596,
JNJ,2017,2017-12-31,25351,2745.3,6.22994,17673,51099,,1300,14300,2017-12-31,17673,3373,10594,76450,21520,33426,
JNJ,2016,2017-01-01,21640,2788.9,6.38758,19803,50250,,16540,16540,2017-01-01,19803,3263,9095,71890,19945,30447,
JNJ,2015,2016-01-03,21455,2812.9,5.07562,19196,48619,,15409,15409,2016-01-03,19196,3787,9047,70074,21203,29423,
JNJ,2014,2014-12-28,22746,2864,6.06,20563,51585,,16323,16323,2014-12-28,20563,4240,8494,74331,21954,31022,-75
JNJ,2013,2013-12-29,21659,2877,6.22,15471,49653,,13831,13831,2013-12-29,15471,1640,8187,71312,21830,34182,2564
JNJ,2012,2012-12-30,21658,2813,4.74,13775,45566,,10853,10514,2012-12-30,13775,3261,7666,67224,20869,31791,-113
JNJ,2011,2012-01-01,20273,2775,5.32,12361,44757,,9672,9672,2012-01-01,12361,2689,7548,65030,20969,32396,2743
JNJ,2010,2011-01-02,18792,2789,4.75,16947,42795,,13334,13334,2011-01-02,16947,3613,6844,61587,19424,25848,-651
JNJ,2009,2010-01-03,18447,2789,4.59,15755,43450,,12266,12266,2010-01-03,15755,3489,6986,61897,19801,27695,-526
JNJ,2008,2008-12-28,18511,2836,4.63,16929,45236,,12949,12949,2008-12-28,16929,3980,7577,63747,21490,28307,-1015
JNJ,2007,2007-12-30,17751,2911,4.11,13283,43344,,10576,10576,2007-12-30,13283,2707,7680,61095,20451,30061,534
JNJ,2006,2006-12-31,15057,2961,3.92,14587,38267,,11053,11053,2006-12-31,14587,3534,7125,53324,17433,23680,-671
JNJ,2005,2006-01-01,13954,3013,3.58,13656,36560,,10411,10411,2006-01-01,13656,3245,6312,50514,16877,22904,-214
JNJ,2004,2005-01-02,13422,3004,2.84,12838,33926,,8509,8509,2005-01-02,12838,4329,5203,47348,15860,21088,15
JNJ,2003,2003-12-28,12176,3008,2.7,10308,29686,,7197,7197,2003-12-28,10308,3111,4684,41862,14131,19378,-385
JNJ,2002,2002-12-29,10447,3054,2.23,9291,25851,,6597,6597,2002-12-29,9291,2694,3957,36298,12216,16560,294
JNJ,2001,2001-12-31,9536,3099,1.92,8045,23468,,5815,5815,2001-12-31,8045,2230,3591,33004,11992,15423,38
JNJ,2000,2000-12-31,8861,2835,1.71,6622,20278,,4800,4800,2000-12-31,6622,1822,2926,29139,10875,13656,67
JNJ,1999,2000-01-02,8442,2836,1.47,5753,19029,,4167,4167,2000-01-02,5753,1586,2600,27471,10503,13276,222
JNJ,1998,1999-01-03,7496,2743,1.32,4269,16161,,3059,3059,1999-01-03,4269,1210,2269,23657,8907,11892,151
JNJ,1997,1997-12-28,7152,2740,1.21,4576,15477,,3303,3303,1997-12-28,4576,1273,2140,22629,8715,10901,129
JNJ,1996,1996-12-29,7018,2719,1.06,4033,14602,,2887,2887,1996-12-29,4033,1146,1905,21620,8394,10569,284
JNJ,1995,1995-12-31,6235,2635,0.91,3317,12607,,2403,2403,1995-12-31,3317,914,1634,18842,7462,9290,166
JNJ,1994,1995-01-01,5299,2594,0.77,2681,10435,,2006,2006,1995-01-01,2681,675,1278,15734,6350,7754,44
JNJ,1993,1994-01-02,4791,2761,0.65,2332,9347,,1787,1787,1994-01-02,2332,545,1182,14138,5771,7015,16
JNJ,1992,1993-01-03,4678,2638,0.62,2207,9075,,1030,1625,1993-01-03,2207,582,1127,13753,5671,6868,39
JNJ,1991,1991-12-29,4204,2665,0.55,2038,8243,,1461,1461,1991-12-29,2038,577,980,12447,5099,6205,85
JNJ,1990,1990-12-31,3937,2664,0.46,1623,7295,,1143,1143,1990-12-31,1623,480,834,11232,4469,5672,162
JNJ,1989,1989-12-31,3480,2665,0.41,1514,6277,,1082,1082,1989-12-31,1514,432,719,9757,3897,4763,93
JNJ,1988,1988-12-31,3292,2725,0.36,1396,5708,,974,974,1988-12-31,1396,422,674,9000,3630,4312,-24
JNJ,1987,1987-12-31,2958,2762,0.3,1193,5054,,833,833,1987-12-31,1193,360,617,8012,3228,3861,-5
JNJ,1986,1986-12-31,2630,2854,0.28,392,4538,,331,331,1986-12-31,392,61,521,7168,2868,4146,
JNJ,1985,1985-12-31,2594,2926,0.21,900,3983,,614,614,1985-12-31,900,286,471,6577,2516,3083,
JNJ,1984,1984-12-31,2469,2998,0.17,756,3778,,515,515,1984-12-31,756,241,421,6247,2488,3022,
JNJ,1983,1983-12-31,2472,3048,0.16,724,3633,,489,489,1983-12-31,724,235,405,6105,2353,2909,
JCI,2019,2019-09-30,16275,874.3,1.71314,1346,7693,-262,5674,1289,2019-09-30,1056,-233,319,23968,5925,6347,-28
JCI,2018,2018-09-30,15733,931.7,1.87169,1947,7667,-371,2162,1457,2018-09-30,1546,89,310,23400,5332,5720,-30
JCI,2017,2017-09-30,15305,944.6,1.30158,1617,7530,-417,1611,829,2017-09-30,1151,322,307,22835,5416,5913,-49
JCI,2016,2016-09-30,15183,667.4,1.4482,1350,5654,-259,-868,864,2016-09-30,1061,197,158,20837,4032,4304,-30
JCI,2015,2015-09-25,6270,407.78516,2.51603,803,3632,-87,551,615,2015-09-25,715,100,,9902,2421,2829,-1
JCI,2014,2014-09-26,6555,442,2.87,697,3785,-83,1838,589,2014-09-26,613,24,,10340,2941,3088,-1
JCI,2013,2013-09-27,6766,430,1.49,809,3881,-83,536,572,2013-09-27,697,125,,10647,2930,3072,-29
JCI,2012,2012-09-28,6626,422,-0.06,685,3777,-643,472,-307,2012-09-28,41,348,,10403,2896,3092,-1
JCI,2011,2011-09-30,10745,437,3.35,2119,6610,-219,1733,1567,2011-09-30,1893,326,,17355,4635,4491,-7
JCI,2010,2010-09-24,10736,445,3.01,1511,6280,-253,1132,1132,2010-09-24,1270,138,,17016,4586,4769,12
JCI,2009,2009-09-25,11143,431,0.16,-1487,6094,-257,-1798,-1829,2009-09-25,-1751,78,,17237,4657,7581,-7
JCI,2008,2008-09-26,13123,445,3.24,1941,7076,-286,1553,1096,2008-09-26,1431,335,,20199,4906,5135,-224
JCI,2007,2007-09-28,12441,451,-0.93,-1715,6340,-211,-1742,-2515,2007-09-28,-2181,334,,18781,4828,8055,-255
JCI,2006,2006-09-29,27276,475,8.76,5463,13662,-576,3590,3956,2006-09-29,4876,920,,40938,7984,8199,-11
JCI,2005,2005-09-30,25959,494,6.22,5795,13768,-692,3032,3208,2005-09-30,4192,984,,39727,8231,7973,-911
JCI,2004,2004-09-30,25651,505,6.83,5317,14502,-872,2879,3019,2004-09-30,4159,1140,,40153,8721,9185,-286
JCI,2003,2003-09-30,23892,457,3.56,3067,12909,-1041,980,1038,2003-09-30,1803,765,,36801,8813,9842,-223
JCI,2002,2002-09-30,23065,453,2.06,-1452,12525,-960,-9180,-2837,2002-09-30,-2629,208,,35590,8182,13977,-217
JCI,2001,2001-09-30,20950,418,13.56,7576,14763,-1374,3971,4722,2001-09-30,6202,1480,,35713,7325,7863,
JCI,2000,2000-09-30,17931,391,12.95,5474,11001,990,4520,4539,2000-09-30,6465,1926,,28932,5252,5527,
JCI,1999,1999-09-30,14433,382,5.73,2191,8063,-486,1022,1068,1999-09-30,1705,638,,22497,4436,5873,
JCI,1998,1998-09-30,8046,268,5,1924,4265,-236,1175,1177,1998-09-30,1718,541,,12311,2341,2342,31
JCI,1997,1997-09-30,5103,237,1.56,-477,2486,-113,-835,-777,1997-09-30,-590,187,,7588,1535,2962,0
JCI,1996,1996-12-31,920,125,-0.25,-766,784,-74,-695,-687,1996-12-31,-709,-22,,1704,568,1550,129
JCI,1995,1995-12-31,824,214,0.47,96,702,,42,51,1995-12-31,78,27,,1525,456,606,-17
JCI,1994,1994-12-31,748,124,1.11,138,628,,111,114,1994-12-31,146,32,,1376,373,490,9
JCI,1993,1993-12-31,706,105,1.13,112,581,,112,112,1993-12-31,133,21,,1287,385,468,21
JCI,1992,1992-12-31,765,97,1.18,182,581,-42,109,109,1992-12-31,116,7,,1345,371,398,-24
JCI,1991,1991-12-31,709,97,-2.96,194,542,,-85,129,1991-12-31,137,8,,1251,348,348,-57
JCI,1990,1990-12-31,673,95,1.88,66,479,,46,235,1990-12-31,258,23,,1152,256,413,192
JCI,1989,1989-12-31,584,77,2.47,241,377,,133,268,1989-12-31,290,23,,961,136,136,49
JCI,1988,1988-12-31,1252,54,1.76,106,506,,-18,198,1988-12-31,219,21,,1758,294,400,113
JCI,1987,1987-12-31,933,61,2.24,46,301,,192,138,1987-12-31,155,17,,1234,197,255,109
JCI,1986,1986-12-31,572,36,2.06,38,270,,74,74,1986-12-31,83,9,,842,202,232,45
JPM,2019,2019-12-31,,3230.4,10.78426,,,,36431,36431,2019-12-31,44545,8114,,,,,
JPM,2018,2018-12-31,,3414,8.92321,,,,32474,32172,2018-12-31,40764,8592,,,,,
JPM,2017,2017-12-31,,3576.8,6.83473,,,,24441,26341,2017-12-31,35900,9559,,,,,
JPM,2016,2016-12-31,,3690,6.13199,,,,24733,24733,2016-12-31,34536,9803,,,,,
JPM,2015,2015-12-31,,3773.6,6.63349,,,,24442,24442,2015-12-31,30702,6260,,,,,
JPM,2014,2014-12-31,,3798,5.29,,,,21762,21762,2014-12-31,29792,8030,,,,,
JPM,2013,2013-12-31,,3815,6.27,,,,17923,17923,2013-12-31,25914,7991,,,,,
JPM,2012,2012-12-31,,3822,5.95,,,,21284,21284,2012-12-31,28917,7633,,,,,
JPM,2011,2011-12-31,,3920,5.37,,,,18976,18976,2011-12-31,26749,7773,,,,,
JPM,2010,2010-12-31,,3977,3.96,,,,17370,17370,2010-12-31,24859,7489,,,,,
JPM,2009,2009-12-31,,3880,2.33,,,,11728,11652,2009-12-31,16067,4415,,,,,
JPM,2008,2008-12-31,,3522,0.89,,,,5605,3699,2008-12-31,2773,-926,,,,,
JPM,2007,2007-12-31,,3508,4.42,,,,15365,15365,2007-12-31,22805,7440,,,,,
JPM,2006,2006-12-31,,3574,3.88,,,,14444,13649,2006-12-31,19886,6237,,,,,
JPM,2005,2005-12-31,,3557,3.02,,,,8483,8483,2005-12-31,12215,3732,,,,,
JPM,2004,2004-12-31,,2851,2.83,,,,4466,4466,2004-12-31,6194,1728,,,,,
JPM,2003,2003-12-31,,2055,3.28,,,,6719,6719,2003-12-31,10028,3309,,,,,
JPM,2002,2002-12-31,,2009,1.63,,,,1663,1663,2002-12-31,2519,856,,,,,
JPM,2001,2001-12-31,,2025,1.85,,,,1694,1719,2001-12-31,2566,847,,,,,
JPM,2000,2000-12-31,,1970,3.46,,,,5727,5727,2000-12-31,8733,3006,,,,,
JPM,1999,1999-12-31,,1286,4.18,,,,5446,5446,1999-12-31,8375,2929,,,,,
JPM,1998,1998-12-31,,1304,2.83,,,,3782,3782,1998-12-31,5930,2148,,,,,
JPM,1997,1997-12-31,,1318,2.68,,,,3708,3708,1997-12-31,5910,2202,,,,,
JPM,1996,1996-12-31,,1360,1.65,,,,2461,2461,1996-12-31,3811,1350,,,,,
JPM,1995,1995-12-31,,791,2.16,,,,1805,1816,1995-12-31,2976,1160,,,,,
JPM,1994,1994-12-31,,777,1.51,,,,1294,1294,1994-12-31,2212,918,,,,,
JPM,1993,1993-12-31,,785,1.83,,,,1604,1569,1993-12-31,2108,539,,,,,
JPM,1992,1992-12-31,,721,1.3,,,,1086,1086,1992-12-31,1329,243,,,,,
JPM,1991,1991-12-31,,544,0.04,,,,154,154,1991-12-31,290,136,,,,,
JPM,1990,1990-12-31,,269,0.79,,,,293,293,1990-12-31,348,55,,,,,
JPM,1989,1989-12-31,,203,-2.76,,,,-484,-484,1989-12-31,-456,28,,,,,
JPM,1988,1988-12-31,,173,4,,,,753,753,1988-12-31,907,154,,,,,
JPM,1987,1987-12-31,,162,-12.9,,,,-1994,-1994,1987-12-31,-1952,42,,,,,
JPM,1986,1986-12-31,,149,4.97,,,,814,814,1986-12-31,935,121,,,,,
JPM,1985,1985-12-31,,145,2.44,,,,391,391,1985-12-31,527,136,,,,,
JPM,1984,1984-12-31,,139,2.16,,,,341,341,1984-12-31,387,46,,,,,
JPM,1983,1983-12-31,,128,2.11,,,,307,307,1983-12-31,393,86,,,,,
JNPR,2019,2019-12-31,1828.6,348.2,1.17969,426.9,2616.8,-13.4,345,345,2019-12-31,414.4,69.4,955.7,4445.4,1183.6,2189.9,0.9
JNPR,2018,2018-12-31,1906.3,354.4,1.65097,572.2,2741.2,-37.9,566.9,569.7,2018-12-31,532.7,-37,1003.2,4647.5,1158.5,2169,-1.6
JNPR,2017,2017-12-31,1955.1,384.2,1.67579,848.1,3072.1,-33.6,306.2,595.7,2017-12-31,811.8,216.1,980.7,5027.2,1177.7,2224.0000000000005,-2.7
JNPR,2016,2016-12-31,1885.6,387.8,1.53446,889.7,3104.5,-64.1,592.7,592.7,2016-12-31,827.4,234.7,1013.7,4990.1,1193.2,2214.7999999999997,1.8
JNPR,2015,2015-12-31,1779.2,399.4,1.58551,912,3078.6,-54.7,633.7,633.7,2015-12-31,852.2,218.5,994.5,4857.8,1168.8,2166.6000000000004,-5.1
JNPR,2014,2014-12-31,1768.9,457.4,0.41,-204,2858.2,111,-334.3,-334.3,2014-12-31,-86.3,248,1006.2,4627.1,1249.3,3062.2000000000003,6.7
JNPR,2013,2013-12-31,1727.7,510.3,0.93,563.1,2941.4,-41.7,439.8,439.8,2013-12-31,525.5,85.7,1043.2,4669.1,1287.7,2378.3,4.1
JNPR,2012,2012-12-31,1656.6,526.2,0.44,288.1,2708.8,-40.9,186.5,186.5,2012-12-31,291.5,105,1101.6,4365.4,1245.6,2420.7000000000003,44.3
JNPR,2011,2011-12-31,1580.1,541.4,0.84,618.5,2868.6,-39.8,425.1,425,2011-12-31,571.7,146.7,1026.8,4448.7,1180.2,2250.1,-7
JNPR,2010,2010-12-31,1351.5,538.8,1.17,767.6,2741.7,10.5,618.4,619.4,2010-12-31,778.2,158.8,917.9,4093.3,1034.9,1974.1999999999998,0.1
JNPR,2009,2009-12-31,1157.8,534,0.46,310.7,2158.1,0.2,117,115.2,2009-12-31,312.1,196.8,741.7,3315.9,893.5,1847.3999999999999,1.1
JNPR,2008,2008-12-31,1166,551.4,0.95,695,2406.4,34.8,511.7,511.7,2008-12-31,728.9,217.1,731.2,3572.4,927.8,1711.4,-0.9
JNPR,2007,2007-12-31,927.6,579.1,0.62,407.1,1908.5,105.9,360.8,360.8,2007-12-31,510.6,149.8,623,2836.1,797.2,1501.4,-2.4
JNPR,2006,2006-12-31,754.3,567.5,-0.29,-997.8,1549.3,100.7,-1001.4,-1001.4,2006-12-31,-897,104.4,480.2,2303.6,685.7,2547.1000000000004,0
JNPR,2005,2005-12-31,652.9,598.9,0.61,445.3,1411.1,55.2,354,354,2005-12-31,502.2,148.2,355.4,2064,514.4,965.8000000000001,
JNPR,2004,2004-12-31,410.6,542.6,0.31,196.2,925.4,22.9,135.7,135.7,2004-12-31,219,83.3,238.4,1336,399.6,729.3000000000001,
JNPR,2003,2003-12-31,257.3,413.8,0.1,55.9,444,-5.7,39.2,39.2,2003-12-31,59,19.8,176.1,701.4,176.3,388.2,
JNPR,2002,2002-12-31,230.1,350.7,-0.08,-114.6,316.4,-0.5,-119.7,-119.7,2002-12-31,-115.2,4.5,161.9,546.5,161.5,431.1,
JNPR,2001,2001-12-31,372.8,319.4,0.26,-12.8,514.3,29.3,-13.4,-13.4,2001-12-31,16.5,30,155.5,887,252,527,
JNPR,2000,2000-12-31,237.6,347.9,0.51,194.1,435.9,40.9,147.9,147.9,2000-12-31,230.4,82.5,87.8,673.5,123.1,241.79999999999998,
JNPR,1999,1999-12-31,45.3,189.3,-0.04,-14.6,57.3,8,-9,-9,1999-12-31,-6.6,2.4,41.5,102.6,29.4,71.9,
JNPR,1998,1998-12-31,4.4,77.7,-0.4,-32.3,-0.6,1.3,-31,-31,1998-12-31,-31,0,24,3.8,7.7,31.700000000000003,
JNPR,1997,1997-12-31,0,51.5,-0.2,-11.6,0,1.2,-10.4,-10.4,1997-12-31,-10.4,0,9.4,0,2.2,11.6,
JNPR,1996,1996-12-31,0,23.7,-0.08,-1.9,0,0.1,-1.8,-1.8,1996-12-31,-1.8,0,1.9,0,0.1,1.9,
KSU,2019,2019-12-31,877.4,99.747,6.56904,885.2,1988.6,-97.8,538.9,540.8,2019-12-31,788.4,247.6,,2866,582.8,1103.4,1
KSU,2018,2018-12-31,940.9,102.27,5.8231,984.1,1773.1,-99.6,627.4,608.5,2018-12-31,886.9,278.4,,2714,495.7,789.0000000000001,2.4
KSU,2017,2017-12-31,890.7,105.04,5.22468,921.6,1692.2,-47,962,550.9,2017-12-31,874.3,323.4,,2582.9,493.8,770.5999999999999,-0.3
KSU,2016,2016-12-31,811.1,107.761,4.43481,818.5,1523.1,-155.1,478.1,479.9,2016-12-31,662.7,182.8,,2334.2,462.4,704.6,-0.7
KSU,2015,2015-12-31,878.6,109.915,4.50994,796.2,1540.2,-120.2,483.5,485.3,2015-12-31,672.6,187.3,,2418.8,442.2,743.9999999999999,-3.4
KSU,2014,2014-12-31,997.1,110.4,4.84,802.5,1580,-87.2,502.6,504.3,2014-12-31,713.1,208.8,,2577.1,474.5,777.4999999999999,-2.2
KSU,2013,2013-12-31,965.8,110.3,3.87,619.8,1403.5,-67.4,351.4,353.3,2013-12-31,551.6,198.3,,2369.3,441.6,783.7,-0.8
KSU,2012,2012-12-31,936.4,,,695.8,1302.2,-78.4,377.3,379.4,2012-12-31,616.4,237,,2238.6,430.5,606.4,-1
KSU,2011,2011-12-31,902.3,109.8,3.09,572.9,1196,-120.1,330.3,331.9,2011-12-31,455,123.1,,2098.3,423.8,623.1000000000001,2.2
KSU,2010,2010-12-31,774.1,107.5,2.07,418.2,1040.7,-133.7,180.2,180,2010-12-31,289.2,109.2,,1814.8,369.3,622.4999999999999,4.7
KSU,2009,2009-12-31,657.6,93.6,0.65,262.3,822.6,-163.9,68,69,2009-12-31,103.6,34.6,,1480.2,371.9,560.3000000000001,5.2
KSU,2008,2008-12-31,842.5,98.6,1.9,384.6,1009.6,-141.9,183.9,184.2,2008-12-31,248.7,64.5,,1852.1,449.3,625,6
KSU,2007,2007-12-31,755.1,97.6,1.62,355.5,987.7,-146.2,153.8,154.2,2007-12-31,221.3,67.1,,1742.8,465.1,632.1999999999999,12
KSU,2006,2006-12-31,648.5,92.4,1.12,299.5,1011.2,-163.6,108.9,109.2,2006-12-31,154.6,45.4,,1659.7,546,711.7,18.7
KSU,2005,2005-12-31,551.8,92.7,1.13,57.9,800.2,-127.1,100.9,83.1,2005-12-31,76,-7.1,,1352,569.1,742.3,145.2
KSU,2004,2004-12-31,179.1,64,0.28,79.3,460.4,-48.9,24.4,24.4,2004-12-31,48,23.6,,639.5,323.4,381.1,17.6
KSU,2003,2003-12-31,110.9,61.7,-0.04,29.1,470.4,-35.4,12.2,3.3,2003-12-31,0.5,-2.8,,581.3,377,441.30000000000007,6.8
KSU,2002,2002-12-31,98,62.3,0.91,43.7,468.2,-1.6,57.2,57.2,2002-12-31,64.1,6.9,,566.2,358.8,424.5,17.6
KSU,2001,2001-12-31,100.9,61,0.51,55.4,476.4,-25.7,30.7,31.1,2001-12-31,33.9,2.8,,577.3,363,421,4.2
KSU,2000,2000-12-31,107.9,58.4,0.43,57.8,464.3,-42,380.5,25.4,2000-12-31,21.8,-3.6,,572.2,350.4,406.5,6
KSU,1999,1999-12-31,1139,57,5.59,582.4,674.7,-11.4,323.3,380.6,1999-12-31,603.7,223.1,,1813.7,,92.29999999999995,32.7
KSU,1998,1998-12-31,816.3,56.5,3.32,394.5,468,-43.2,190.2,223.6,1998-12-31,354.4,130.8,,1284.3,,73.5,3.1
KSU,1997,1997-12-31,680.2,53.8,2.11,106.5,378.1,-48.5,-14.1,10.8,1997-12-31,79.2,68.4,,1058.3,0,271.5999999999999,21.2
KSU,1996,1996-12-31,567.3,57.6,2.61,203.9,280,10.5,150.9,166.7,1996-12-31,237.3,70.6,,847.3,0,76.10000000000002,22.9
KSU,1995,1995-12-31,541,65.6,1.07,159.2,234.2,-35.7,236.7,247.2,1995-12-31,440.1,192.9,,775.2,,75,20.3
KSU,1994,1994-12-31,782.1,67.6,1.55,187.2,306.3,-53.6,104.9,85.4,1994-12-31,148.9,63.5,,1088.4,0,119.10000000000002,15.3
KSU,1993,1993-12-31,647,67.1,1.44,201.8,299,-51.2,90.5,91.9,1993-12-31,160.9,69,,946,0,97.20000000000005,10.3
KSU,1992,1992-12-31,615.5,66.5,0.96,125.9,125.9,-33.1,63.8,63.8,1992-12-31,99,35.2,,741.4,0,0,6.2
KSU,1991,1991-12-31,511.9,63.2,0.72,98.3,98.3,-32.1,41.9,45.7,1991-12-31,71.7,26,,610.2,0,0,5.5
KSU,1990,1990-12-31,418.4,62.6,0.66,87.7,109.6,-31.4,46.9,37.5,1990-12-31,56.3,18.8,,528,21.9,21.900000000000034,0
KSU,1989,1989-12-31,392.7,62.4,0.59,84.2,105.6,-30.2,47.9,34.2,1989-12-31,54,19.8,,498.3,21.4,21.400000000000034,0
KSU,1988,1988-12-31,390.5,61.9,-0.75,59.8,116.9,-41.7,-31.5,-44.4,1988-12-31,-69.2,-24.8,,507.4,57.1,57.10000000000002,-87.3
KSU,1987,1987-12-31,366.7,57.5,0.55,86.9,140.9,-24.8,17.7,35,1987-12-31,62.1,27.1,,507.6,54,54,
KSU,1986,1986-12-31,351.7,59,-0.43,-31.9,127.1,-36,-42.2,-27.4,1986-12-31,-67.8,-40.4,,478.7,158.9,158.90000000000003,
KSU,1985,1985-12-31,360.4,60.5,0.56,65.8,114.2,-22.6,49.9,49.3,1985-12-31,64.4,15.1,,474.6,48.4,48.400000000000034,
KSU,1984,1984-12-31,18.2,60.8,0.11,7.4,26.1,0,6.6,6.6,1984-12-31,7.5,0.9,,44.3,18.7,18.7,
KSU,1983,1983-12-31,329.3,60.7,0.69,75.6,75.6,-18.9,41.8,36.6,1983-12-31,56.7,20.1,,404.9,,0,
K,2019,2019-12-28,9235,343,3.44074,1396,4343,-264,960,984,2019-12-28,1305,321,144,13578,2755,2947,173
K,2018,2018-12-29,8910,348,3.76076,1706,4637,-271,1336,1137,2018-12-29,1329,192,154,13547,2793,2931,-106
K,2017,2017-12-30,8367,350,3.82644,1387,4487,-266,1254,1255,2017-12-30,1657,402,148,12854,2852,3100,536
K,2016,2016-12-31,8279,354,1.98303,1483,4686,-406,699,699,2016-12-31,934,235,182,12965,3017,3203,-143
K,2015,2016-01-02,8191,356,3.61678,1091,5334,-215,614,614,2016-01-02,773,159,193,13525,3150,4243,-103
K,2014,2015-01-03,9422,360,2.49,1024,5158,-208,632,639,2015-01-03,825,186,,14580,4014,4134,9
K,2013,2013-12-28,8637,365,5.47,2837,6155,-225,1807,1814,2013-12-28,2606,792,,14792,3220,3318,-6
K,2012,2012-12-29,8733,360,2.86,1562,5464,-253,961,962,2012-12-29,1325,363,,14197,3799,3902,16
K,2011,2011-12-31,7750,364,3.5,1976,5448,-233,1231,1229,2011-12-31,1732,503,,13198,3447,3472,-11
K,2010,2011-01-01,7108,378,3.48,1990,5289,-248,1247,1240,2011-01-01,1742,502,,12397,3249,3299,0
K,2009,2010-01-02,7184,384,3.28,2001,5391,-301,1212,1208,2010-01-02,1684,476,,12575,3365,3390,-16
K,2008,2009-01-03,7455,385,2.98,1953,5367,-283,1148,1148,2009-01-03,1633,485,,12822,3414,3414,-37
K,2007,2007-12-29,6597,400,2.76,1868,5179,-304,1103,1103,2007-12-29,1547,444,,11776,3311,3311,-17
K,2006,2006-12-31,6082,400,2.51,1766,4825,-299,1004,1004,2006-12-31,1471,467,,10907,3059,3059,4
K,2005,2005-12-31,5612,416,2.36,1750,4566,-300,980,980,2005-12-31,1425,445,,10177,2815,2815,-25
K,2004,2005-01-01,5299,416,2.14,1681,4315,-309,891,891,2005-01-01,1366,475,,9614,2634,2634,-7
K,2003,2003-12-27,4899,411,1.92,1544,3913,-371,787,787,2003-12-27,1170,382,,8812,2369,2368,-3
K,2002,2002-12-28,4569,412,1.75,1508,3735,-391,721,721,2002-12-28,1144,423,,8304,2227,2227,27
K,2001,2001-12-31,4129,407,1.23,1168,4725,-352,474,482,2001-12-31,804,322,,8853,3524,3556,-12
K,2000,2000-12-31,3327,406,1.61,990,3628,-138,588,588,2000-12-31,868,280,,6955,2551,2638,15
K,1999,1999-12-31,3325,406,1.63,829,3659,-119,338,338,1999-12-31,537,198,,6984,2586,2830,-5
K,1998,1998-12-31,3283,409,1.34,895,3480,-120,503,503,1998-12-31,783,280,,6762,2514,2584,7
K,1997,1997-12-31,3270,415,1.63,1009,3560,-108,546,564,1997-12-31,905,341,,6830,2367,2551,4
K,1996,1996-12-31,3123,426,1.44,959,3554,-66,531,531,1996-12-31,860,329,,6677,2459,2595,-33
K,1995,1995-12-31,3178,438,1.71,838,3826,-63,490,490,1995-12-31,796,306,,7004,2567,2988,21
K,1994,1994-12-31,2951,448,1.57,1163,3611,-45,705,705,1994-12-31,1130,425,,6562,2449,2448,13
K,1993,1993-12-31,2989,463,1.47,1069,3306,-33,681,681,1993-12-31,1034,353,,6295,2238,2238,-2
K,1992,1992-12-31,2988,478,1.43,1063,3203,-29,431,683,1992-12-31,1070,388,,6191,2140,2140,37
K,1991,1991-12-31,2829,482,1.26,1028,2958,-58,606,606,1991-12-31,984,378,,5787,1930,1930,15
K,1990,1990-12-31,2677,483,1.04,886,2505,-66,503,503,1990-12-31,815,312,,5181,1619,1618,-5
K,1989,1989-12-31,2414,488,0.86,733,2238,-48,470,422,1989-12-31,667,245,,4652,1505,1505,-17
K,1988,1988-12-31,2233,493,0.97,794,2115,-39,480,480,1988-12-31,775,294,,4349,1321,1322,19
K,1987,1987-12-31,1939,495,0.8,691,1854,-31,396,396,1987-12-31,666,270,,3793,1163,1163,6
K,1986,1986-12-31,1745,494,0.65,647,1596,-42,319,319,1986-12-31,587,268,,3341,949,948,-19
K,1985,1985-12-31,1605,493,0.57,558,1325,-35,281,281,1985-12-31,527,246,,2930,767,767,4
K,1984,1984-12-31,1488,598,0.42,463,1114,-19,251,251,1984-12-31,476,226,,2602,651,651,32
K,1983,1983-12-31,1412,612,0.4,414,969,-7,243,243,1983-12-31,444,201,,2381,554,555,37
KEY,2019,2019-12-31,,1002.254,1.60738,,,,1717,1708,2019-12-31,2022,314,,,,,
KEY,2018,2018-12-31,,1054.682,1.70004,,,,1866,1859,2018-12-31,2203,344,,,,,
KEY,2017,2017-12-31,,1088.593,1.25483,,,,1296,1438,2017-12-31,1928,490,,,,,
KEY,2016,2016-12-31,,938.536,0.80231,,,,791,789,2016-12-31,968,179,,,,,
KEY,2015,2015-12-31,,844.489,1.05626,,,,916,919,2015-12-31,1222,303,,,,,
KEY,2014,2014-12-31,,878.2,1.04,,,,900,946,2014-12-31,1272,326,,,,,
KEY,2013,2013-12-31,,912.6,0.93,,,,910,870,2013-12-31,1141,271,,,,,
KEY,2012,2012-12-31,,943.3,0.78,,,,858,856,2012-12-31,1095,239,,,,,
KEY,2011,2011-12-31,,935.8,0.9,,,,920,976,2011-12-31,1345,369,,,,,
KEY,2010,2010-12-31,,878.2,0.45,,,,554,607,2010-12-31,793,186,,,,,
KEY,2009,2009-12-31,,697.2,-2.34,,,,-1335,-1263,2009-12-31,-2298,-1035,,,,,
KEY,2008,2008-12-31,,450,-2.92,,,,-1468,-1468,2008-12-31,-1134,334,,,,,
KEY,2007,2007-12-31,,395.8,2.05,,,,919,941,2007-12-31,1221,280,,,,,
KEY,2006,2006-12-31,,410.2,2.91,,,,1055,1193,2006-12-31,1643,450,,,,,
KEY,2005,2005-12-31,,414,2.73,,,,1129,1129,2005-12-31,1588,459,,,,,
KEY,2004,2004-12-31,,415.4,2.3,,,,954,954,2004-12-31,1388,434,,,,,
KEY,2003,2003-12-31,,426.2,2.12,,,,903,903,2003-12-31,1242,339,,,,,
KEY,2002,2002-12-31,,430.7,2.27,,,,976,976,2002-12-31,1312,336,,,,,
KEY,2001,2001-12-31,,429.6,0.36,,,,132,157,2001-12-31,259,102,,,,,
KEY,2000,2000-12-31,,435.6,1.95,,,,1002,1002,2000-12-31,1517,515,,,,,
KEY,1999,1999-12-31,,452.4,2.07,,,,1107,1107,1999-12-31,1684,577,,,,,
KEY,1998,1998-12-31,,447.4,2.09,,,,996,996,1998-12-31,1479,483,,,,,
KEY,1997,1997-12-31,,444.5,1.84,,,,919,919,1997-12-31,1345,426,,,,,
KEY,1996,1996-12-31,,464.3,1.92,,,,783,783,1996-12-31,1143,360,,,,,
KEY,1995,1995-12-31,,472.9,1.73,,,,825,789.2,1995-12-31,1157.7,368.5,,,,,
KEY,1994,1994-12-31,,490.9,1.71,,,,853.5,853.5,1994-12-31,1283.5,430,,,,,
KEY,1993,1993-12-31,,483.2,1.43,,,,709.9,709.9,1993-12-31,1083.9,374,,,,,
KEY,1992,1992-12-31,,470,1.19,,,,592.1,585.5,1992-12-31,865.1,279.6,,,,,
KEY,1991,1991-12-31,,454.2,0.65,,,,313.7,313.7,1991-12-31,450.4,136.7,,,,,
KEY,1990,1990-12-31,,440.2,0.56,,,,256.1,253.4,1990-12-31,268.6,15.2,,,,,
KEY,1989,1989-12-31,,447.8,0.63,,,,286.7,286.7,1989-12-31,417.5,130.8,,,,,
KEY,1988,1988-12-31,,445.8,0.8,,,,365,365,1988-12-31,456.6,91.6,,,,,
KEYS,2019,2019-10-31,1769,191,3.32861,711,2534,-62,621,621,2019-10-31,715,94,688,4303,1155,1823,66
KEYS,2018,2018-10-31,1767,191,3.52513,-394,2111,-67,165,165,2018-10-31,-411,-576,624,3878,1205,2505,50
KEYS,2017,2017-10-31,1492,182,0.83596,148,1697,-67,102,102,2017-10-31,179,77,507,3189,1058,1549,98
KEYS,2016,2016-10-31,1294,172,2.17118,406,1624,-44,335,335,2016-10-31,366,31,425,2918,818,1218,4
KEYS,2015,2015-10-31,1269,171,3.14269,431,1587,-45,513,513,2015-10-31,388,-125,387,2856,787,1156,2
KEYS,2014,2014-10-31,1217,167,4.8,465,1716,-3,392,392,2014-10-31,475,83,317,2933,517,1251,13
KEYS,2013,2013-10-31,1261,166.8,2.88,496,1627,-4,457,457,2013-10-31,501,44,370,2888,746,1131,9
KEYS,2012,2012-10-31,1434,166.8,5.05,733,1881,-1,841,841,2012-10-31,746,-95,377,3315,771,1148,14
KEYS,2011,2011-10-31,1392,166.8,4.72,737,1924,-1,787,787,2011-10-31,749,-38,381,3316,806,1187,13
KEYS,2010,2010-10-31,,166.8,,,,,,,2010-10-31,360,,,2706,,,
KEYS,2009,2009-10-31,,166.8,,,,,,,2009-10-31,-240,,,2205,,,
KMB,2019,2019-12-31,11999,345.6,6.88947,2946,6451,-250,2157,2074,2019-12-31,2650,576,,18450,3155,3505,-46
KMB,2018,2018-12-31,12348,349.6,8.02632,2102,6138,-253,1410,1459,2018-12-31,1813,354,,18486,2987,4036,-36
KMB,2017,2017-12-31,11761,355.9,6.18713,3358,6587,-308,2278,2139,2017-12-31,2991,852,,18348,3202,3229,-59
KMB,2016,2016-12-31,11596,361.7,5.91552,3383,6691,-308,2166,2087,2016-12-31,3009,922,,18287,3300,3308,-66
KMB,2015,2015-12-31,11967,366.3,2.68673,1613,6624,-278,1013,917,2015-12-31,1335,418,,18591,3443,5011,
KMB,2014,2014-12-31,13041,377,3.91,2521,6683,-266,1526,1399,2014-12-31,2255,856,,19724,3709,4162,453
KMB,2013,2013-12-31,13912,387,5.53,3208,7240,-263,2142,2016,2013-12-31,2945,929,,21152,4028,4032,4
KMB,2012,2012-12-31,14186,396,4.65,2686,6877,-266,1750,1652,2012-12-31,2420,768,,21063,4063,4191,-6
KMB,2011,2011-12-31,14287,399,5.34,2442,6559,-259,1591,1523,2011-12-31,2183,660,,20846,3755,4117,-51
KMB,2010,2010-12-31,13196,414,4.45,2773,6550,-223,1843,1762,2010-12-31,2550,788,,19746,3673,3777,104
KMB,2009,2009-12-31,12695,417,4.52,2825,6420,-249,1884,1830,2009-12-31,2576,746,,19115,3498,3595,0
KMB,2008,2008-12-31,13557,420,4.05,2547,5858,-258,1690,1671,2008-12-31,2289,618,,19415,3291,3311,0
KMB,2007,2007-12-31,12562,446,4.09,2616,5704,-232,1823,1781,2007-12-31,2318,537,,18266,3106,3088,-67
KMB,2006,2006-12-31,11665,462,3.25,2102,5082,-191,1500,1376,2006-12-31,1845,469,,16747,2948,2980,-66
KMB,2005,2005-12-31,10827,477,3.31,2311,5075,-163,1568,1531,2005-12-31,1969,438,,15903,2737,2765,-179
KMB,2004,2004-12-31,10015,499,3.55,2506,5069,-145,1800,1720,2004-12-31,2203,484,,15083,2511,2562,-158
KMB,2003,2003-12-31,9448,509,3.41,2412,4900,-150,1694,1643,2003-12-31,2157,514,,14348,2376,2488,-106
KMB,2002,2002-12-31,8751,520,3.24,2464,4816,-166,1675,1631,2002-12-31,2297,667,,13566,2279,2352,0
KMB,2001,2001-12-31,8616,533,3.19,2338,5909,-174,1610,1519,2001-12-31,2164,646,295,14524,3102,3570,84
KMB,2000,2000-12-31,8229,544,3.46,2634,5754,-198,1801,1678,2000-12-31,2436,759,277,13982,2865,3119,-104
KMB,1999,1999-12-31,7682,540,3.13,2435,5325,-184,1668,1522,1999-12-31,2252,730,250,13007,2805,2889,-180
KMB,1998,1998-12-31,7700,553,2.21,1698,4598,-174,1103,1001,1998-12-31,1523,522,225,12298,2654,2900,-124
KMB,1997,1997-12-31,7973,559,2.13,1321,4574,-133,902,754,1997-12-31,1188,433,212,12547,2578,3253,-18
KMB,1996,1996-12-31,8241,567,2.48,2161,4908,-159,1404,1302,1996-12-31,2002,701,208,13149,2646,2747,-107
KMB,1995,1995-12-31,8828,564,1.72,350,4961,-246,33,-49,1995-12-31,104,154,207,13789,3100,4611,-137
KMB,1994,1994-12-31,4925,161,3.33,819,2439,-129,535,464,1994-12-31,741,276,167,7364,1453,1620,51
KMB,1993,1993-12-31,4581,160,3.19,794,2392,-113,511,429,1993-12-31,713,284,159,6973,1440,1598,32
KMB,1992,1992-12-31,4535,160,3.08,543,2557,-99,135,276,1992-12-31,462,186,156,7091,1607,2013,18
KMB,1991,1991-12-31,4332,160,3.18,742,2445,-94,508,448,1991-12-31,684,236,149,6777,1554,1703,37
KMB,1990,1990-12-31,4223,160,2.7,754,2185,-75,432,384,1990-12-31,661,277,135,6407,1296,1431,-18
KMB,1989,1989-12-31,3850,161,2.63,673,1884,-49,424,388,1989-12-31,631,242,118,5734,1092,1210,6
KMB,1988,1988-12-31,3589,161,2.35,641,1804,-69,379,354,1988-12-31,584,230,111,5394,1053,1164,13
KMB,1987,1987-12-31,3247,174,1.87,586,1638,-58,325,304,1987-12-31,534,231,111,4885,941,1052,6
KMB,1986,1986-12-31,2878,184,1.47,485,1425,-57,269,247,1986-12-31,433,187,111,4303,829,940,5
KMB,1985,1985-12-31,2680,183,1.46,486,1393,-53,267,250,1985-12-31,439,189,109,4073,797,907,6
KMB,1984,1984-12-31,2473,182,1.19,375,1144,-57,218,207,1984-12-31,334,128,77,3616,692,768,17
KMB,1983,1983-12-31,2225,180,1.05,315,1049,-45,189,169,1983-12-31,275,106,53,3274,681,734,4
KIM,2019,2019-12-31,336.951,421.799,0.75299,398.369,821.933,-177.395,410.605,315.323,2019-12-31,312.006,-3.317,,1158.884,96.942,423.56399999999996,11.814
KIM,2018,2018-12-31,328.559,421.379,0.69389,339.804,836.203,-183.339,497.795,397.746,2018-12-31,399.346,1.6,,1164.762,94.05,496.39899999999994,13.041
KIM,2017,2017-12-31,311.128,424.019,0.98187,335.726,889.706,-189.147,332.537,148.309,2017-12-31,146.329,-1.98,,1200.834,124.085,553.98,-0.25
KIM,2016,2016-12-31,298.518,419.709,1.00289,255.149,872.274,-191.071,292.065,-4.52,2016-12-31,68.025,72.545,,1170.792,122.865,617.125,3.947
KIM,2015,2015-12-31,304.477,412.851,1.34353,343.572,862.292,-179.83,768.302,108.686,2015-12-31,168.916,60.23,,1166.769,128.81,518.72,5.174
KIM,2014,2014-12-31,258.617,411.038,0.83699,310.315,735.28,-202.793,423.612,79.669,2014-12-31,102.107,22.438,,993.897,127.083,424.965,-5.415
KIM,2013,2013-12-31,246.1,408.6,0.71,225.5,700.6,-196.9,234.8,0.1,2013-12-31,34.7,34.5,,946.7,136.2,475.1,6.1
KIM,2012,2012-12-31,246.8,406.7,0.41,257.5,675.5,-225.4,266.1,30.1,2012-12-31,34.1,3.9,,922.3,131.4,417.99999999999994,2
KIM,2011,2011-12-31,256,407.7,0.26,270.6,653,-208.5,169.1,60.9,2011-12-31,80.4,19.5,,909,118.9,382.4,6.2
KIM,2010,2010-12-31,252.9,406.2,0.28,244.1,636.5,-205.1,142.9,86.2,2010-12-31,89.6,3.4,,889.5,109.2,392.4,48.5
KIM,2009,2009-12-31,236.5,350.1,0.16,86.2,592.8,-176.8,-3.9,2.1,2009-12-31,-34.5,-36.6,,829.4,110.1,506.6,50.3
KIM,2008,2008-12-31,216.1,258.8,0.6,373.5,590.3,-264.7,249.9,223.4,2008-12-31,226.9,3.5,,806.4,117.9,216.79999999999998,96.2
KIM,2007,2007-12-31,185.7,257.1,1.26,396.4,550.7,-182.7,442.8,359.2,2007-12-31,314.7,-44.5,,736.4,103.9,154.3,77
KIM,2006,2006-12-31,161.5,244.6,1.25,335,473.1,-118.5,428.3,342.7,2006-12-31,347.1,4.4,,634.6,77.7,138.10000000000002,105.4
KIM,2005,2005-12-31,138,230.9,1.29,375.3,415,-99.4,363.6,331.3,2005-12-31,331.7,0.4,,553,56.8,39.80000000000001,33
KIM,2004,2004-12-31,133.3,227.1,1.15,336.6,409.1,-89,297.1,281.6,2004-12-31,285.6,3.9,,542.4,44.6,72.5,25.4
KIM,2003,2003-12-31,126.5,217.5,0.96,303.7,368.5,-83.2,307.9,247.5,2003-12-31,249,1.5,,495,38.7,64.69999999999999,14.8
KIM,2002,2002-12-31,122.6,211.9,0.99,292,342.4,-68.3,245.7,248.6,2002-12-31,261.5,12.9,,465,31.9,50.400000000000006,22
KIM,2001,2001-12-31,118.4,202.3,1,311.1,358,-89.4,236.5,236.5,2001-12-31,255.9,19.4,,476.4,29,46.900000000000006,17.8
KIM,2000,2000-12-31,112,187.3,0.93,273.3,353.6,-92.1,205,205,2000-12-31,205,0,,465.5,25.7,80.30000000000001,19.9
KIM,1999,1999-12-31,111.8,182.9,0.81,249,327.2,-83.6,176.8,176.8,1999-12-31,176.8,0,,439,23.8,78.10000000000001,9.8
KIM,1998,1998-12-31,91.3,151.9,0.67,186.8,251.2,-64.9,122.3,127.2,1998-12-31,127.2,0,,342.4,18.6,64.39999999999999,4.4
KIM,1997,1997-12-31,53.4,113.6,0.59,111.3,148.8,-31.7,85.8,85.8,1997-12-31,85.8,0,,202.2,11.7,37.50000000000001,6
KIM,1996,1996-12-31,42.9,108.7,0.52,95.3,128.7,-27,73.8,73.8,1996-12-31,73.8,0,,171.6,10.3,33.4,4.8
KIM,1995,1995-12-31,37.1,100.9,0.44,76,109.8,-25.6,51.9,51.9,1995-12-31,51.9,0,,146.9,8.8,33.699999999999996,1.5
KIM,1994,1994-12-31,36.6,90.8,0.39,56.7,88.7,-20.5,40.2,41.1,1994-12-31,41.1,0,,125.3,8.5,31.999999999999993,4.9
KIM,1993,1993-12-31,26.3,86.3,0.38,44.7,72.5,-17.2,34.6,35.2,1993-12-31,35.2,0,,98.9,7.9,27.8,6.5
KIM,1992,1992-12-31,21.6,68.1,0.28,33.4,57.1,-18.2,19,19,1992-12-31,19,0,,78.8,6.9,23.699999999999996,3.8
KIM,1991,1991-12-31,13.7,36.8,-0.02,19.7,34.7,-22,-2.2,-0.9,1991-12-31,-0.9,0,,48.4,4.2,15,1.4
KIM,1990,1991-04-30,23.7,29,-0.56,25.9,49.7,-38.3,-16.2,-16.2,1991-04-30,-16.2,0,,73.4,7.8,23.7,-3.8
KIM,1989,1990-04-30,22.3,28.8,-0.52,19.7,44,-34.2,-13.8,-15,1990-04-30,-17,-2,,66.3,8.9,24.2,-2.5
KIM,1988,1989-04-30,20.4,28.8,-0.16,17.6,37.5,-26.8,-4.5,-4.5,1989-04-30,-6.8,-2.3,,57.9,7.5,19.9,2.4
KMI,2019,2019-12-31,5849,2264,0.66767,4873,7360,-1700,2190,2239,2019-12-31,3165,926,,13209,1016,2487,-8
KMI,2018,2018-12-31,6943,2216,0.81572,3524,7201,-1030,1609,1919,2018-12-31,2506,587,,14144,946,3677,12
KMI,2017,2017-12-31,6817,2230,-0.49643,3379,6888,-1254,183,-1017,2017-12-31,2161,3178,,13705,1086,3509,36
KMI,2016,2016-12-31,5801,2230,0.44433,2962,7257,-1309,708,721,2016-12-31,1638,917,,13058,1090,4295,-15
KMI,2015,2015-12-31,6452,2193,0.72565,2417,7951,-1637,253,208,2015-12-31,772,564,,14403,1129,5534,-8
KMI,2014,2014-12-31,8431,1137,1.09,4448,7795,-1392,1026,2443,2014-12-31,3091,648,,16226,1028,3347,35
KMI,2013,2013-12-31,7365,1036,1.16,3990,6705,-566,1193,2696,2013-12-31,3438,742,,14070,1008,2715,14
KMI,2012,2012-12-31,4759,1354,0.81,2593,5214,-1246,315,1204,2012-12-31,1343,139,,9973,1215,2621,-4
KMI,2011,2011-12-31,4769,708,0.54,1423,3174,-623,594,449,2011-12-31,810,361,,7943,689,1751,10
KMI,2010,2010-12-31,4878,707,-0.39,1133,2974,-921,-41,64,2010-12-31,230,166,,7852,791,1841,18
KMI,2009,2009-12-31,4106,707,0.35,1257,2773,-453,495,523,2009-12-31,847,324,,6879,499,1516,43
KMI,2008,2008-12-31,9062,707,-1.38,-2472,3033,-427,-3599,-3202,2008-12-31,-2898,304,,12095,544,5505,1
KMI,2007,2007-12-31,4600,707,0.35,1043,1657,-540,248,287,2007-12-31,514,227,,6257,286,752,12
KLAC,2020,2020-06-30,2449.561,158.005,9.37639,1479.663,3356.863,-142.567,1216.785,1215.025,2020-06-30,1316.711,101.686,863.64,5806.424,659.617,1877.2000000000003,-20.385
KLAC,2019,2019-06-30,1870.116,156.949,7.36747,1389.373,2698.788,-85.209,1175.617,1155.717,2019-06-30,1296.231,140.514,711.017,4568.904,564.132,1309.415,-7.933
KLAC,2018,2018-06-30,1445.232,157.378,7.58089,1537.194,2591.469,-77.857,802.265,1193.065,2018-06-30,1455.931,262.866,608.712,4036.701,443.426,1054.275,-3.406
KLAC,2017,2017-06-30,1287.925,157.481,5.88056,1276.261,2192.089,-98.727,926.076,926.076,2017-06-30,1173.246,247.17,526.87,3480.014,389.336,915.8280000000002,-4.288
KLAC,2016,2016-06-30,1161.342,156.779,4.53969,960.445,1823.151,-108.315,704.422,704.422,2016-06-30,858.192,153.77,479.658,2984.493,375.699,862.7059999999999,6.062
KLAC,2015,2015-06-30,1205.726,163.701,3.07795,529.671,1608.323,-92.866,366.158,366.158,2015-06-30,434.131,67.973,519.516,2814.049,394.364,1078.652,-2.674
KLAC,2014,2014-06-30,1231.3,168.1,3.5,772.1,1698.1,-39.5,582.8,582.8,2014-06-30,734.5,151.7,536.2,2929.4,382.6,926.0000000000002,1.9
KLAC,2013,2013-06-30,1235.6,169.3,3.24,729.7,1607.2,-37.9,543.1,543.1,2013-06-30,690.6,147.5,484.9,2842.8,386.6,877.5,-1.1
KLAC,2012,2012-06-30,1328.1,170.1,4.58,1016.3,1843.8,-41.1,756,756,2012-06-30,974.1,218.1,450.7,3171.9,370.7,827.5,-1.1
KLAC,2011,2011-06-30,1259.2,170.4,4.89,1150.4,1915.9,-38.4,794.5,794.5,2011-06-30,1110.1,315.6,385.8,3175.2,367.1,765.5,-1.9
KLAC,2010,2010-06-30,815.7,173,1.38,330.1,1005.1,-38,212.3,212.3,2010-06-30,291.2,78.9,329.2,1820.8,359.5,675,-0.9
KLAC,2009,2009-06-30,864.8,170.3,-0.93,-577.9,655.4,-23.4,-523.4,-523.4,2009-06-30,-602.5,-79.2,362.9,1520.2,400.9,1233.3999999999999,-1.2
KLAC,2008,2008-06-30,1134.9,184.3,1.99,499.4,1386.9,59.6,359.1,359.1,2008-06-30,560.2,201.2,410,2521.7,464.9,887.3999999999999,1.2
KLAC,2007,2007-06-30,1189.6,202.2,2.65,589.9,1541.6,86,528.1,526.7,2007-06-30,677.2,150.5,427.5,2731.2,513.5,951.8000000000002,1.4
KLAC,2006,2006-06-30,942.1,204.1,1.86,309.8,1128.5,70,380.5,376.4,2006-06-30,377.9,1.5,393.8,2070.6,424.9,818.6999999999999,-2
KLAC,2005,2005-06-30,871,201.1,2.21,545.1,1210.9,38.6,445,441.7,2005-06-30,583.1,141.4,352,2081.9,313.8,665.8,-0.6
KLAC,2004,2004-06-30,684.5,202.3,1.05,243.6,812.7,32.3,212.5,212.5,2004-06-30,270.4,57.9,298.5,1497.2,270.6,569.0999999999999,-5.5
KLAC,2003,2003-06-30,671.5,194.8,0.67,138.7,651.5,42.8,137.2,137.2,2003-06-30,180.5,43.3,268.3,1323,253.9,512.8,-1
KLAC,2002,2002-06-30,814.4,196.6,1.1,244.9,822.9,43.6,216.2,216.2,2002-06-30,287.5,71.3,287.4,1637.3,290.6,578.0000000000001,-1
KLAC,2001,2001-06-30,937.2,193.4,1.92,458.5,1166.6,54.8,66.7,373.1,2001-06-30,512.6,139.5,355.8,2103.8,354.4,708.0999999999999,-0.7
KLAC,2000,2000-06-30,677.8,192.6,1.3,311.5,821,37.1,253.8,253.8,2000-06-30,353.1,99.3,246.2,1498.8,267.9,509.5,4.4
KLAC,1999,1999-06-30,447.1,183.3,0.4,-10.3,396.1,57.1,39.2,39.2,1999-06-30,50.3,11.1,164.7,843.2,199.1,406.4,3.6
KLAC,1998,1998-06-30,554.9,177,0.84,164.6,611.4,39.7,134.1,134.1,1998-06-30,206.3,72.2,181.9,1166.3,242.4,446.80000000000007,2
KLAC,1997,1997-06-30,471.9,170.4,0.83,145.8,559.9,0,105.4,105.4,1997-06-30,174,68.6,134.1,1031.8,219.4,414.1,28.1
KLAC,1996,1996-06-30,469.7,168.4,1.17,296.3,624.8,,196.6,196.6,1996-06-30,314.1,117.5,115.9,1094.5,212.6,328.50000000000006,17.8
KLAC,1995,1995-06-30,299.6,156.9,0.77,156.6,396.4,,104.8,104.8,1995-06-30,167,62.2,73.9,696,140.6,239.69999999999993,10.4
KLAC,1994,1994-06-30,133,88.2,0.34,40.1,110.7,-2,30.2,30.2,1994-06-30,40.3,10.1,22.4,243.7,48.2,70.69999999999999,2.2
KLAC,1993,1993-06-30,107.5,78.8,0.08,11.5,59.8,,7,7,1993-06-30,9.3,2.3,16.3,167.2,32.7,48.19999999999999,-2.2
KLAC,1992,1992-06-30,100,73.8,-0.15,-13.6,56,,-13.8,-16.6,1992-06-30,-16.3,0.3,25.9,156,35.5,69.5,-2.7
KLAC,1991,1991-06-30,82.8,74.2,0.03,5,65.6,,-10.6,2.4,1991-06-30,3.5,1.1,27.1,148.4,33.5,60.7,-1.5
KLAC,1990,1990-06-30,86.1,72.2,0.17,17.7,75.5,,9.4,12.2,1990-06-30,18.9,6.7,26.3,161.6,31.5,57.80000000000001,1.1
KLAC,1989,1989-06-30,84,71.7,0.2,22.1,73.7,,11.7,14,1989-06-30,22.1,8,23.4,157.8,28.3,51.69999999999999,0
KLAC,1988,1988-06-30,67.3,72,0.12,12.2,45.6,,8.8,8.8,1988-06-30,13.9,5,13.7,112.9,19.6,33.3,1.6
KLAC,1987,1987-06-30,51.1,71.1,0.13,10,37.1,,7.5,7.5,1987-06-30,12.8,5.3,8.7,88.2,14.9,27.1,2.7
KLAC,1986,1986-06-30,44,70.8,0.14,14.4,38.5,,9.9,9.9,1986-06-30,16.8,7,10.1,82.5,14,24.200000000000003,2.5
KLAC,1985,1985-06-30,29,70,0.13,11.1,33.9,,8.8,8.8,1985-06-30,14.4,5.6,10.7,62.9,12.1,22.799999999999997,3.4
KLAC,1984,1984-06-30,20.8,64.7,0.09,7.8,22.1,,5.7,5.7,1984-06-30,9.3,3.6,6.1,42.9,8.2,14.3,1.5
KLAC,1983,1983-06-30,11.5,58.6,0.05,3.6,11.9,,3,3,1983-06-30,4.9,1.9,3.1,23.4,5.2,8.3,1.3
KSS,2020,2020-02-01,12140,158,4.87823,1108,7834,-207,691,691,2020-02-01,901,210,,19974,5705,6726,
KSS,2019,2019-02-02,12199,165,5.63258,1298,8030,-256,801,801,2019-02-02,1042,241,,20229,5601,6732,
KSS,2018,2018-02-03,12176,168,4.30357,1416,7908,-299,859,723,2018-02-03,1117,394,,20084,5501,6492,
KSS,2017,2017-01-28,11944,179,3.76642,1183,7737,-308,556,556,2017-01-28,875,319,,19681,5430,6554,
KSS,2016,2016-01-30,12265,195,4.0031,1384,6939,-327,673,673,2016-01-30,1057,384,,19204,4452,5555,
KSS,2015,2015-01-31,12098,204,4.25,1689,6925,-340,867,867,2015-01-31,1349,482,,19023,4350,5236,
KSS,2014,2014-02-01,12087,220,4.04,1742,6944,-338,889,889,2014-02-01,1404,515,,19031,4313,5202,
KSS,2013,2013-02-02,12289,237,4.16,1890,6990,-329,986,986,2013-02-02,1561,575,,19279,4267,5100,
KSS,2012,2012-01-28,11625,271,4.31,2158,7179,-299,1167,1167,2012-01-28,1859,692,,18804,4243,5021,
KSS,2011,2011-01-29,11359,306,3.66,2092,7032,-304,1120,1120,2011-01-29,1788,668,,18391,4190,4940,
KSS,2010,2010-01-30,10680,306,3.24,1712,6498,-124,991,991,2010-01-30,1588,597,,17178,4196,4786,
KSS,2009,2009-01-31,10334,307,2.88,1536,6055,-111,885,885,2009-01-31,1425,540,,16389,3978,4519,
KSS,2008,2008-02-02,10460,320,3.39,1804,6014,-62,1084,1084,2008-02-02,1742,658,,16474,3758,4209,
KSS,2007,2007-02-03,9891,335,3.31,1815,5654,-40,1109,1109,2007-02-03,1774,666,,15544,3451,3838,
KSS,2006,2006-01-28,8639,347,2.43,1416,4763,-70,842,842,2006-01-28,1346,504,,13402,3008,3347,
KSS,2005,2005-01-29,7587,345,2.12,1237,4114,-62,730,730,2005-01-29,1174,444,,11701,2589,2877,
KSS,2004,2004-01-31,6887,345,1.72,1023,3395,-73,591,591,2004-01-31,950,359,,10282,2135,2372,
KSS,2003,2003-02-01,5981,347,1.87,1090,3139,-56,643,643,2003-02-01,1034,391,,9120,1857,2049,
KSS,2002,2002-02-02,4924,345,1.47,850,2565,-50,496,496,2002-02-02,800,304,,7489,1558,1715,
KSS,2001,2001-02-03,4056,338,1.12,651,2096,-46,372,372,2001-02-03,605,233,,6152,1318,1445,
KSS,2000,2000-01-29,3014,334,0.79,448,1543,-27,258,258,2000-01-29,421,163,,4557,1006,1095,
KSS,1999,1999-01-30,2447,325,0.61,338,1234,-21,192,192,1999-01-30,317,124,,3682,827,897,
KSS,1998,1998-01-31,2046,312,0.47,259,1014,-24,141,141,1998-01-31,235,94,,3060,697,755,
KSS,1997,1997-02-01,1609,300,0.36,189,780,-18,102,102,1997-02-01,171,69,,2388,547,590,
KSS,1996,1996-02-03,1295,297,0.29,136,631,-13,73,73,1996-02-03,123,50,,1926,447,495,
KSS,1995,1995-01-28,1038,294,0.25,124,516,-6,69,69,1995-01-28,117,49,,1554,365,392,
KSS,1994,1994-01-29,869,293,0.21,102,437,-6,54,56,1994-01-29,97,41,,1306,311,334,0
KSS,1993,1993-01-30,723,261,0.17,65,374,-14,27,29,1993-01-30,50,21,,1097,272,309,-1
KSS,1992,1992-08-29,666,232,0.14,52,340,-19,17,17,1992-08-29,32,14,,1006,252,288,-1
KSS,1991,1991-08-31,574,213,0.09,56,288,-27,15,15,1991-08-31,28,13,,863,215,233,-1
KSS,1990,1990-08-25,504,214,0.04,43,249,-31,3,3,1990-08-25,9,6,,754,190,206,-3
KSS,1989,1989-08-26,362,214,-0.01,26,177,-26,-5,-5,1989-08-26,-6,-1,,539,139,151,-6
KHC,2019,2019-12-28,16782,1224,2.78327,3064,8195,-1373,1935,1933,2019-12-28,2661,728,,24977,3105,5131,970
KHC,2018,2018-12-29,17149,1219,0.47937,-10368,9119,-1305,-10192,-10150,2018-12-29,-11321,-1171,,26268,3068,19487,352
KHC,2017,2017-12-30,16579,1228,3.49305,6206,9497,-1263,10941,3932,2017-12-30,5450,1518,,26076,2808,3291,507
KHC,2016,2016-12-31,16455,1226,3.41755,5581,9845,-1162,3596,3606,2016-12-31,4939,1333,,26300,3234,4264,520
KHC,2015,2016-01-03,12577,1202,-0.2213,2639,5761,-1169,634,647,2016-01-03,1013,366,,18338,3122,3122,-457
KHC,2014,2014-12-28,7291,1191,-0.05,1568,3631,-576,657,672,2014-12-28,803,131,,10922,2063,2063,-189
KHC,2013,2013-12-29,4588,1191,-0.85,-8,1652,-307,-77,-66,2013-12-29,-298,-232,,6240,1502,1660,17
KHC,2012,2012-04-29,7513,1191,0.82,1503,3995,-258,924,992,2012-04-29,1237,245,,11508,2492,2492,-8
KR,2020,2020-02-01,95294,805,2.03347,2427,26992,-446,1659,1512,2020-02-01,1981,469,,122286,22040,24565,0
KR,2019,2019-02-02,94894,818,2.16626,4396,26268,-392,3110,3078,2019-02-02,3978,900,,121162,21189,21872,-26
KR,2018,2018-02-03,95662,904,1.12197,2612,27000,-601,1907,967,2018-02-03,1484,517,,122662,21952,24388,-527
KR,2017,2017-01-28,89502,958,2.06311,3452,25835,-522,1975,1957,2017-01-28,2914,957,,115337,20043,22383,-16
KR,2016,2016-01-30,85496,980,2.09333,3576,24334,-482,2039,2049,2016-01-30,3094,1045,,109830,18669,20758,
KR,2015,2015-01-31,85512,994,1.76298,3137,22953,-488,1728,1747,2015-01-31,2649,902,,108465,17868,19816,0
KR,2014,2014-02-01,78138,1040,1.47,2725,20237,-443,1519,1531,2014-02-01,2282,751,,98375,15809,17512,
KR,2013,2013-02-02,76858,1074,1.38,2764,19893,-462,1497,1508,2013-02-02,2302,794,,96751,15477,17129,
KR,2012,2012-01-28,71494,1186,0.5,1278,18880,-435,602,596,2012-01-28,843,247,,90374,15964,17602,
KR,2011,2011-01-29,63927,1276,0.88,2182,18262,-448,1116,1133,2011-01-29,1734,601,,82189,14462,16080,
KR,2010,2010-01-30,58958,1300,0.91,1091,17775,-502,70,57,2010-01-30,589,532,,76733,14046,16684,
KR,2009,2009-01-31,58564,1318,0.95,2451,17436,-485,1249,1249,2009-01-31,1966,717,,76000,13543,14985,
KR,2008,2008-02-02,53779,1396,0.85,2301,16456,-474,1181,1181,2008-02-02,1827,646,,70235,12799,14155,
KR,2007,2007-02-03,50115,1446,0.77,2236,15996,-488,1115,1115,2007-02-03,1748,633,,66111,12488,13760,
KR,2006,2006-01-28,45565,1462,0.66,2035,14988,-510,958,958,2006-01-28,1525,567,,60553,11688,12953,
KR,2005,2005-01-29,42140,1472,0.33,843,14294,-557,-104,-104,2005-01-29,286,390,,56434,11291,13451,
KR,2004,2004-01-31,39637,1508,0.36,1370,14154,-604,312,312,2004-01-31,766,454,,53791,11011,12784,
KR,2003,2003-02-01,37810,1582,0.79,2573,13950,-600,1205,1233,2003-02-01,1973,740,,51760,10274,11377,
KR,2002,2002-02-02,36398,1649,0.74,2359,13700,-648,1043,1043,2002-02-02,1711,668,,50098,10133,11341,
KR,2001,2001-02-03,35806,1692,0.65,2183,13194,-675,877,880,2001-02-03,1508,628,,49000,9797,11011,
KR,2000,2000-01-29,33331,1716,0.56,1781,12021,-652,628,638,2000-01-29,1129,491,,45352,8896,10240,
KR,1999,1999-01-30,1651,1066,0.02,60,509,-21,25,25,1999-01-30,40,15,,2160,415,449,
KR,1998,1999-01-02,21523,1062,0.42,980,6680,-267,411,450,1999-01-02,713,263,,28203,5270,5700,
KR,1997,1997-12-27,19996,1051,0.44,998,6571,-286,412,444,1997-12-27,712,268,,26567,5192,5573,
KR,1996,1996-12-28,19041,1035,0.34,867,6129,-300,350,353,1996-12-28,567,215,,25171,4918,5263,
KR,1995,1995-12-30,18098,1007,0.32,822,5840,-313,303,319,1995-12-30,510,191,,23938,4706,5018,
KR,1994,1994-12-31,17405,1038,0.27,749,5554,-328,242,269,1994-12-31,421,152,,22959,4528,4805,
KR,1993,1994-01-01,17109,994,0.2,674,5275,-390,-12,171,1994-01-01,284,113,,22384,4315,4601,
KR,1992,1993-01-02,17079,732,0.14,648,5066,-475,-6,101,1993-01-02,173,72,,22145,4166,4417,
KR,1991,1991-12-28,16481,724,0.14,700,4870,-531,80,101,1991-12-28,169,68,,21351,3928,4170,
KR,1990,1990-12-29,15670,693,0.1,700,4591,-558,82,83,1990-12-29,142,59,,20261,3673,3891,
KR,1989,1989-12-30,14846,653,-0.05,624,4258,-633,-73,-16,1989-12-30,-9,8,,19104,3410,3633,
KR,1988,1988-12-31,14824,634,0.23,249,4229,-198,35,35,1988-12-31,52,17,,19053,3531,3980,
KR,1987,1988-01-02,13696,643,0.27,419,3963,-96,247,183,1988-01-02,323,140,,17660,3329,3545,
KR,1986,1987-01-03,13163,695,0.21,187,3960,-91,51,56,1987-01-03,96,40,,17123,3398,3773,
KR,1985,1985-12-28,13079,707,0.26,408,4044,-87,181,181,1985-12-28,321,140,,17124,3427,3637,
KR,1984,1984-12-29,12176,719,0.22,339,3747,-74,157,157,1984-12-29,265,109,,15923,3217,3407,
KR,1983,1983-12-31,11657,736,0.17,284,3579,-72,127,127,1983-12-31,212,85,,15236,3116,3295,
LB,2020,2020-02-01,8201,276,2.68116,181,4713,-378,-366,-366,2020-02-01,-181,185,,12914,3472,4532,16
LB,2019,2019-02-02,8237,279,3.23297,1237,5000,-385,644,644,2019-02-02,857,213,,13237,3563,3763,5
LB,2018,2018-02-03,7673,287,3.10801,1728,4959,-406,983,892,2018-02-03,1312,420,,12632,3231,3231,-10
LB,2017,2017-01-28,7449,291,3.97938,2003,5125,-394,1158,1158,2017-01-28,1696,538,,12574,3122,3122,87
LB,2016,2016-01-30,6950,297,4.21886,2192,5204,-334,1253,1253,2016-01-30,1934,681,,12154,3012,3012,76
LB,2015,2015-01-31,6646,298,3.5,1953,4808,-324,1042,1042,2015-01-31,1636,594,,11454,2855,2855,7
LB,2014,2014-02-01,6344,296,3.05,1743,4429,-314,903,903,2014-02-01,1446,543,,10773,2686,2686,17
LB,2013,2013-02-02,6030,297,2.81,1573,4429,-316,753,753,2013-02-02,1281,528,,10459,2719,2856,24
LB,2012,2012-01-28,6290,314,3.02,1238,4074,-246,850,850,2012-01-28,1227,377,,10364,2691,2836,235
LB,2011,2011-01-29,5982,333,2.43,1284,3631,-206,805,805,2011-01-29,1251,446,,9613,2341,2347,173
LB,2010,2010-01-30,5604,327,1.38,868,3028,-235,448,448,2010-01-30,650,202,,8632,2166,2160,17
LB,2009,2009-01-31,6037,337,0.96,589,3006,-159,220,220,2009-01-31,453,233,,9043,2311,2417,23
LB,2008,2008-02-02,6592,380,1.5,1110,3542,-109,718,718,2008-02-02,1129,411,,10134,2662,2432,128
LB,2007,2007-02-03,6658,403,1.67,1176,4013,-77,676,675,2007-02-03,1097,422,,10671,2837,2837,-2
LB,2006,2006-01-28,6219,411,1.62,986,3480,-32,683,666,2006-01-28,957,291,,9699,2494,2494,3
LB,2005,2005-01-29,6030,479,1.47,1027,3378,80,705,705,2005-01-29,1116,411,,9408,2351,2351,9
LB,2004,2004-01-31,5683,526,1.36,963,3251,209,717,717,2004-01-31,1166,449,,8934,2288,2288,-6
LB,2003,2003-02-01,5351,522,0.99,838,3094,-1,502,496,2003-02-01,837,341,,8445,2222,2256,0
LB,2002,2002-02-02,6110,435,0.97,918,3253,-36,519,519,2002-02-02,904,385,,9363,2505,2335,22
LB,2001,2001-02-03,6667,443,0.97,866,3437,-128,428,428,2001-02-03,759,331,,10105,2561,2571,20
LB,2000,2000-01-29,6366,456,0.97,921,3357,-140,461,461,2000-01-29,832,371,,9723,2460,2437,51
LB,1999,1999-01-30,6349,493,1.09,2437,2998,-133,2054,2054,1999-01-30,2364,310,,9347,2301,560,59
LB,1998,1998-01-31,6371,549,0.61,480,2818,-117,217,217,1998-01-31,400,183,,9189,2125,2338,37
LB,1997,1997-02-01,6148,564,0.78,636,2497,-3,434,434,1997-02-01,675,241,,8645,1849,1861,42
LB,1996,1996-02-03,5794,717,1.34,613,2088,550,962,962,1996-02-03,1185,223,,7881,1475,1474,22
LB,1995,1995-01-28,5206,717,0.63,799,2114,-65,448,448,1995-01-28,744,296,,7321,1315,1316,11
LB,1994,1994-01-29,5286,726,0.54,702,1959,-64,391,391,1994-01-29,645,254,,7245,1260,1258,7
LB,1993,1993-01-30,4954,727,0.63,789,1991,-62,455,455,1993-01-30,745,290,,6944,1202,1202,19
LB,1992,1992-02-01,4356,727,0.55,713,1794,-64,403,403,1992-02-01,660,257,,6149,1081,1081,12
LB,1991,1991-02-02,3623,724,0.55,698,1630,-57,398,398,1991-02-02,653,255,,5254,933,933,13
LB,1990,1990-02-03,3201,723,0.48,625,1447,-58,347,347,1990-02-03,574,227,,4648,821,822,7
LB,1989,1989-01-28,2856,720,0.34,467,1215,-63,245,245,1989-01-28,396,151,,4071,747,747,-8
LB,1988,1988-01-30,2535,753,0.31,409,993,-40,235,235,1988-01-30,378,143,,3528,584,584,10
LB,1987,1987-01-31,2181,754,0.3,438,962,-46,228,228,1987-01-31,395,167,,3143,524,523,2
LB,1986,1986-02-01,1668,731,0.2,276,719,-41,145,145,1986-02-01,239,94,,2387,443,443,4
LB,1985,1985-02-02,939,723,0.13,173,404,-17,92,92,1985-02-02,157,65,,1343,231,231,1
LB,1984,1984-01-28,758,721,0.1,135,328,-10,71,71,1984-01-28,135,64,,1086,192,193,10
LHX,2020,2020-01-03,6726,223.7,3.19806,860,2537,-123,822,835,2020-01-03,908,73,329,9263,1598,1677,171
LHX,2019,2019-06-28,4467,120.5,7.89212,1092,2334,-166,949,953,2019-06-28,1113,160,331,6801,911,1242,187
LHX,2018,2018-06-29,4066,121.1,5.781,896,2102,-168,699,684,2018-06-29,908,224,311,6168,871,1206,180
LHX,2017,2017-06-30,3854,124.3,5.03288,895,2043,-170,543,628,2017-06-30,889,261,310,5897,840,1148,164
LHX,2016,2016-07-01,3900,125,4.81671,1065,2092,-181,324,611,2016-07-01,884,273,305,5992,732,1027,0
LHX,2015,2015-07-03,2370,106.8,3.41758,523,1515,-128,334,287,2015-07-03,396,109,276,3885,607,992,1
LHX,2014,2014-06-27,3310.5,107.3,5,881.9,1701.5,-90.8,534.8,539.2,2014-06-27,795.4,256.2,264.1,5012,555.5,819.6000000000004,4.3
LHX,2013,2013-06-28,3385,111.2,4.48,761.8,1726.7,-97.8,113,461.9,2013-06-28,664.6,202.7,254.1,5111.7,660.4,964.8999999999996,0.6
LHX,2012,2012-06-29,3569.3,114.8,4.8,941.1,1882,-110.3,30.6,555.9,2012-06-29,841.9,286,218.9,5451.3,722,940.8999999999996,11.1
LHX,2011,2011-07-01,3810.5,126.3,4.6,969.5,2114.1,-87.6,588,587.1,2011-07-01,880.7,293.6,335.6,5924.6,808.3,1144.6000000000004,-1.2
LHX,2010,2010-07-02,3334.4,130,4.28,912.5,1871.7,-70.6,561.6,561.6,2010-07-02,840.3,278.7,325.8,5206.1,633.1,959.2000000000003,-1.6
LHX,2009,2009-07-03,3420.2,133.2,3.62,530.4,1584.8,-49.6,37.9,312.4,2009-07-03,485.3,172.9,243.5,5005,547.8,1054.4000000000005,4.5
LHX,2008,2008-06-27,3681.7,136.5,3.26,675,1629.3,-33,444.2,437,2008-06-27,638.5,201.5,275,5311,678.8,954.3000000000002,-3.5
LHX,2007,2007-06-29,2871.1,141.1,2.71,684.8,1371.9,-24.7,480.4,469.9,2007-06-29,660.8,190.9,234.6,4243,596.1,687.0999999999999,0.7
LHX,2006,2006-06-30,2372.7,141.6,1.71,406.7,1102.1,-24.7,237.9,237.9,2006-06-30,380.8,142.9,187.8,3474.8,507.6,695.4000000000001,-1.2
LHX,2005,2005-07-01,2176.8,141.3,1.46,321.2,823.8,-16.5,202.2,202.2,2005-07-01,298.4,96.2,,3000.6,502.6,502.5999999999999,-6.3
LHX,2004,2004-07-02,1888.3,140.3,0.92,209.3,630.3,-18.3,132.8,125.7,2004-07-02,180,54.3,,2518.6,421,421.0000000000002,-11
LHX,2003,2003-06-27,1575.6,132.8,0.45,85.2,517.1,-18.8,59.5,59.5,2003-06-27,90.1,30.6,,2092.7,431.9,431.9000000000001,23.7
LHX,2002,2002-06-28,1378.1,132.6,0.62,97.5,497.7,-13.4,82.6,82.6,2002-06-28,125.1,42.5,,1875.8,400.2,400.20000000000005,41
LHX,2001,2001-06-29,1431.1,134,0.87,13.9,524,-21.5,21.4,21.4,2001-06-29,72.4,51,,1955.1,414.4,510.10000000000014,80
LHX,2000,2000-06-30,1352.6,146.8,0.5,-11.9,454.8,2.2,18,25,2000-06-30,38.5,13.5,,1807.4,404.5,466.70000000000005,48.2
LHX,1999,1999-07-02,1278.3,159.4,0.44,55.2,465.2,3.5,53.1,49.9,1999-07-02,78,28.1,,1743.5,380,410,19.3
LHX,1998,1998-07-03,2585.2,160,1.37,247,1305,-73.2,133,133,1998-07-03,200,67,,3890.2,976.9,1106.9,26.2
LHX,1997,1997-06-27,2519.2,157.6,1.32,351.6,1278,-59.9,207.5,207.5,1997-06-27,312,104.5,,3797.2,963.8,963.8000000000002,20.3
LHX,1996,1996-06-30,2404.6,155.6,1.15,342.8,1216.6,-62.5,178.4,178.4,1996-06-30,274.4,96,,3621.2,911.9,911.9000000000001,-5.9
LHX,1995,1995-06-30,2328.5,157.1,0.98,316.6,1115.6,-65.4,154.5,154.5,1995-06-30,237.6,83.1,,3444.1,835.8,835.8000000000002,-13.6
LHX,1994,1994-06-30,2274.8,159.5,0.88,246,1061.3,-58.3,111.8,121.9,1994-06-30,193.5,71.6,,3336.1,830.8,848.5999999999999,5.8
LHX,1993,1993-06-30,2093.5,158.6,0.73,215,1005.6,-59.9,109.3,109.3,1993-06-30,168,58.7,,3099.1,823,823,12.9
LHX,1992,1992-06-30,2037.4,156.6,0.6,187.2,966.6,-66,75.2,87.5,1992-06-30,125,37.5,,3004,817.3,817.2999999999997,3.8
LHX,1991,1991-06-30,2050.5,156.7,0.64,73.6,989.7,-77.4,19.5,19.5,1991-06-30,9.8,-9.7,,3040.1,842.5,957.4000000000001,13.6
LHX,1990,1990-06-30,1974.9,158.2,0.87,262.3,1077.8,-73.7,130.7,130.7,1990-06-30,189.9,59.2,,3052.7,861.3,861.2999999999997,1.3
LHX,1989,1989-06-30,1483.9,155,0.76,190,729.7,-36.6,21.3,116.2,1989-06-30,167.2,51,,2213.6,565.1,565.1999999999998,13.7
LHX,1988,1988-06-30,1374.3,160.7,0.63,130.1,688.2,-18.1,100.5,100.5,1988-06-30,121.6,21.1,,2062.6,567.9,567.9000000000001,9.6
LHX,1987,1987-06-30,1363,164.8,0.51,115.9,716,-19.6,84.5,84.5,1987-06-30,122.4,37.9,,2079,610.6,610.5999999999999,26.1
LHX,1986,1986-06-30,1488.6,161,0.37,82.6,728,-22.2,59.6,59.6,1986-06-30,60.7,1.1,,2216.6,654.8,654.9000000000001,0.3
LHX,1985,1985-06-30,1504,160.8,0.5,115.2,777.2,-24.3,80.3,80.3,1985-06-30,99.9,19.6,,2281.2,677.7,677.6999999999998,9
LHX,1984,1984-06-30,1316.8,159.3,0.5,111.3,679,-23,80.4,80.4,1984-06-30,102.2,21.8,,1995.8,590.9,590.9000000000001,13.9
LHX,1983,1983-06-30,1177.5,157.3,0.41,104.9,631.8,-28.7,69.4,63.8,1983-06-30,81.1,17.2,,1809.3,540,540.0999999999999,4.8
LH,2019,2019-12-31,8302.3,98.6,9.57252,1325,3252.5,-212.3,823.8,824.9,2019-12-31,1104.9,280,,11554.8,1523.5,1927.5,-7.8
LH,2018,2018-12-31,8157,102.6,10.23481,1325.7,3176.4,-225.1,883.7,928.8,2018-12-31,1268.3,339.5,,11333.4,1570.9,1850.7000000000007,167.7
LH,2017,2017-12-31,7216.2,103.9,7.26732,1305.2,3091.8,-221.7,1227.1,713.9,2017-12-31,1077.5,363.6,,10308,1499.2,1786.5999999999995,-6
LH,2016,2016-12-31,6698.9,104.3,7.19635,1270.6,2854,-209.5,711.8,712.9,2016-12-31,1073.6,360.7,,9552.9,1345.5,1583.3999999999996,12.5
LH,2015,2015-12-31,5776.8,100.6,5.03406,996.8,2903.3,-263,437.6,438.7,2015-12-31,726,287.3,,8680.1,1628.1,1906.5,-7.8
LH,2014,2014-12-31,3808.5,86.4,6.04536,904.3,2203.1,-94.1,511.2,512.6,2014-12-31,820.6,308,,6011.6,1204.3,1298.8000000000002,10.4
LH,2013,2013-12-31,3585,92,6.4,991,2223,-77,574,575,2013-12-31,916,340,,5808,1129,1232,2
LH,2012,2012-12-31,3422,97,6.29,1017,2250,-72,583,585,2012-12-31,944,359,,5671,1115,1233,0
LH,2011,2011-12-31,3268,102,5.59,948,2275,-77,520,533,2011-12-31,866,333,,5542,1160,1326,-6
LH,2010,2010-12-31,2906,105,5.37,979,2098,-58,558,572,2010-12-31,916,344,,5004,1034,1119,-5
LH,2009,2009-12-31,2724,109,5.06,936,1971,-48,543,556,2009-12-31,885,329,,4695,959,1035,-4
LH,2008,2008-12-31,2631,112,4.36,843,1874,-68,465,465,2008-12-31,772,308,,4505,935,1031,-2
LH,2007,2007-12-31,2377,121,4.18,777,1691,27,477,477,2007-12-31,802,326,,4068,809,914,-1
LH,2006,2006-12-31,2061,135,3.25,697,1529,27,432,432,2006-12-31,721,289,,3591,779,833,-3
LH,2005,2005-12-31,1937,145,2.78,618,1390,23,386,386,2005-12-31,641,255,,3328,704,773,0
LH,2004,2004-12-31,1796,151,2.45,598,1289,19,363,363,2004-12-31,615,252,,3085,649,690,-2
LH,2003,2003-12-31,1715,155,2.12,534,1225,8,321,321,2003-12-31,540,219,,2939,652,691,-1
LH,2002,2002-12-31,1446,154,1.76,435,1062,-2,255,255,2002-12-31,432,178,,2508,586,627,-1
LH,2001,2001-12-31,1274,141,1.3,368,926,-34,180,183,2001-12-31,332,150,,2200,517,558,
LH,2000,2000-12-31,1153,96,0.84,246,767,-37,112,112,2000-12-31,208,96,,1919,483,521,
LH,1999,1999-12-31,1070,52,0.31,150,629,-43,65,65,1999-12-31,106,40,,1699,448,479,
LH,1998,1998-12-31,1049,50,0.49,128,563,-46,69,69,1998-12-31,82,13,,1613,405,436,
LH,1997,1997-12-31,1081,49,-2.35,-92,439,-69,-107,-107,1997-12-31,-161,-54,,1519,477,530,
LH,1996,1996-12-31,1184,49,-0.37,-119,424,-70,-154,-154,1996-12-31,-188,-35,,1608,305,543,
LH,1995,1995-12-31,1024,44,1.01,67,408,-64,-12,-4,1995-12-31,3,7,,1432,239,341,
LH,1994,1994-12-31,597,34,0.89,110,276,-55,30,30,1994-12-31,55,25,,873,149,166,
LH,1993,1993-12-31,445,36,3.15,186,316,6,113,113,1993-12-31,191,78,,761,121,130,
LH,1992,1992-12-31,395,37,3.54,64,326,-2,41,41,1992-12-31,62,22,,721,118,262,
LH,1991,1991-12-31,333,40,2.62,174,271,-4,104,104,1991-12-31,169,65,,604,98,97,
LH,1990,1990-12-31,279,40,2.08,140,223,-3,83,83,1990-12-31,137,55,,502,82,83,
LH,1989,1989-12-31,225,40,1.63,113,178,-5,65,65,1989-12-31,108,43,,402,65,65,
LH,1988,1988-12-31,180,40,1.24,88,134,-3,49,49,1988-12-31,84,35,,314,46,46,
LH,1987,1987-12-31,156,40,0.89,73,115,-4,35,35,1987-12-31,69,34,,271,42,42,
LH,1986,1986-12-31,117,40,0.59,54,87,-3,23,23,1986-12-31,51,28,,205,33,34,
LRCX,2020,2020-06-28,5436.043,149.09,15.10331,2673.802,4608.693,-95.324,2251.753,2251.753,2020-06-28,2574.978,323.225,1252.412,10044.736,682.479,1934.8910000000005,-3.5
LRCX,2019,2019-06-30,5295.1,159.915,13.70306,2464.85,4358.459,-13.676,2191.43,2191.43,2019-06-30,2446.571,255.141,1191.32,9653.559,700.086,1893.6089999999995,-4.603
LRCX,2018,2018-06-24,5911.966,180.782,16.68007,3171.385,5165.032,-7.326,2380.681,2975.881,2018-06-24,3151.789,175.908,1189.514,11076.998,764.873,1993.647,-12.27
LRCX,2017,2017-06-25,4410.261,183.77,9.42339,1865.88,3603.359,-59.922,1697.763,1697.763,2017-06-25,1811.673,113.91,1033.742,8013.62,667.218,1737.4789999999994,5.715
LRCX,2016,2016-06-26,3266.971,175.159,5.2184,1074.256,2618.922,-121.065,914.049,914.049,2016-06-26,960.117,46.068,913.712,5885.893,630.885,1544.6659999999997,6.926
LRCX,2015,2015-06-28,2974.976,177.067,4.09945,788.039,2284.336,-50.53,655.577,655.577,2015-06-28,740.85,85.273,825.242,5259.312,591.572,1496.297,3.341
LRCX,2014,2014-06-29,2600,175,3.21,678,2007,-39,632,632,2014-06-29,723,91,716,4607,613,1330,2
LRCX,2013,2013-06-30,2194,173,0.66,118,1405,-51,114,114,2013-06-30,67,-47,684,3599,601,1287,-1
LRCX,2012,2012-06-24,1579,125,1.36,238,1086,-27,169,169,2012-06-24,204,36,445,2665,402,848,-6
LRCX,2011,2011-06-26,1740,125,5.87,804,1497,-7,724,724,2011-06-26,801,77,373,3238,308,693,3
LRCX,2010,2010-06-27,1164,128,2.84,425,970,8,347,347,2010-06-27,430,83,321,2134,241,544,-3
LRCX,2009,2009-06-28,727,126,-1.65,-281,389,19,-302,-302,2009-06-28,-263,39,288,1116,233,670,-1
LRCX,2008,2008-06-29,1302,127,3.53,509,1173,70,439,439,2008-06-29,577,138,324,2475,287,663,-2
LRCX,2007,2007-06-24,1262,142,4.76,794,1305,52,686,686,2007-06-24,848,162,285,2567,241,510,1
LRCX,2006,2006-06-25,815,144,2.33,405,827,36,335,335,2006-06-25,440,105,229,1642,193,422,-1
LRCX,2005,2005-06-26,739,142,2.16,388,763,16,297,297,2005-06-26,396,99,195,1502,166,375,-8
LRCX,2004,2004-06-27,505,145,0.6,111,431,5,83,83,2004-06-27,111,28,170,936,146,320,-5
LRCX,2003,2003-06-29,451,126,0.02,-5,304,-7,-8,-8,2003-06-29,-16,-8,160,755,133,310,-4
LRCX,2002,2002-06-30,677,126,-0.48,-120,266,-3,-90,-90,2002-06-30,-128,-38,179,943,162,386,-5
LRCX,2001,2001-06-24,866,132,1.2,187,653,12,52,141,2001-06-24,202,60,227,1520,219,467,3
LRCX,2000,2000-06-25,689,143,1.38,230,542,4,205,205,2000-06-25,237,32,177,1231,161,312,3
LRCX,1999,1999-06-30,415,115,-0.47,-113,233,3,-113,-113,1999-06-30,-113,0,142,648,146,346,-2
LRCX,1998,1998-06-30,678,114,-0.39,-181,374,4,-145,-145,1998-06-30,-179,-35,206,1053,202,556,-2
LRCX,1997,1997-06-30,723,111,-0.22,-61,350,1,-31,-31,1997-06-30,-61,-30,192,1073,209,411,-1
LRCX,1996,1996-06-30,690,101,1.47,219,643,-8,146,146,1996-06-30,216,71,187,1333,237,424,6
LRCX,1995,1995-06-30,419,91,1.02,118,392,-2,89,89,1995-06-30,127,38,128,811,146,273,11
LRCX,1994,1994-06-30,266,81,0.5,60,228,,38,38,1994-06-30,57,19,76,494,91,167,-3
LRCX,1993,1993-06-30,140,74,0.26,28,125,,19,19,1993-06-30,27,8,44,265,53,97,-1
LRCX,1992,1992-06-30,85,61,0.16,15,86,,10,10,1992-06-30,14,4,34,171,37,71,-2
LRCX,1991,1991-06-30,76,55,0.1,9,68,,6,6,1991-06-30,8,2,29,144,30,59,-1
LRCX,1990,1990-06-30,76,51,0.06,-9,65,,-9,-9,1990-06-30,-9,0,27,141,30,74,0
LRCX,1989,1989-06-30,69,50,0.19,12,60,,9,9,1989-06-30,12,3,22,129,27,48,1
LRCX,1988,1988-06-30,38,49,0.05,3,37,,3,2,1988-06-30,4,2,16,75,19,34,1
LRCX,1987,1987-06-30,19,46,-0.15,-11,16,,-7,-7,1987-06-30,-9,-3,13,35,14,27,1
LRCX,1986,1986-06-30,25,46,-0.03,-6,22,,-1,-1,1986-06-30,-3,-2,14,47,14,27,2
LRCX,1985,1985-06-30,16,34,0.15,4,18,,5,5,1985-06-30,8,3,5,34,9,14,4
LRCX,1984,1984-06-30,10,26,0.06,2,9,,3,1,1984-06-30,3,1,3,19,4,7,1
LRCX,1983,1983-06-30,3,4,-0.17,-1,2,,-1,-1,1983-06-30,-1,0,1,5,1,3,0
LW,2020,2020-05-31,2897.2,147.1,2.48742,556.9,895.2,-108,365.9,336.6,2020-05-31,448.9,112.3,15.4,3792.4,322.8,338.3000000000002,
LW,2019,2019-05-26,2753,147.3,3.15954,668.4,1003.5,-107.1,478.6,425.3,2019-05-26,561.3,136,15.4,3756.5,316.4,335.0999999999999,
LW,2018,2018-05-27,2544.2,147,2.34966,580.1,879.5,-108.8,416.8,276.3,2018-05-27,471.3,195,,3423.7,295.4,299.4000000000001,
LW,2017,2017-05-28,2389.2,146.6,2.32901,518.3,778.8,-61.2,326.9,286.9,2017-05-28,457.1,170.2,,3168,231.3,260.5,
LW,2016,2016-05-29,2332,146,1.94326,373.3,661.8,-5.9,285.3,222.9,2016-05-29,367.4,144.5,,2993.8,280.6,288.5,
LW,2015,2015-05-31,2337.7,146,1.82903,381.4,587.3,-6.1,268.3,234.9,2015-05-31,375.3,140.4,,2925,204.2,205.9000000000001,
LW,2014,2014-05-25,2229.5,146,1.8,364.5,585.7,-6.1,260.9,240.7,2014-05-25,358.4,117.7,,2815.2,221.2,221.19999999999982,
LW,2013,2013-05-26,2086.7,146,2.04,431,691.7,-7.5,298.3,271.6,2013-05-26,423.5,151.9,,2778.4,260.7,260.7000000000003,
LVS,2019,2019-12-31,6832,771,2.9972,4230,6907,-481,2698,3304,2019-12-31,3772,468,24,13739,1879,2677,23
LVS,2018,2018-12-31,6974,786,3.38873,3687,6755,-387,2413,3008,2018-12-31,3326,318,12,13729,1696,3068,26
LVS,2017,2017-12-31,6329,792,2.9096,3459,6399,-311,2808,2737,2017-12-31,3054,317,13,12728,1694,2940,-94
LVS,2016,2016-12-31,5686,795,2.20646,2497,5585,-264,1679,2025,2016-12-31,2264,239,9,11271,1846,3088,31
LVS,2015,2015-12-31,6117.09,797.59608,2.5054,2841.475,5571.371,-250.135,1966.236,2385.697,2015-12-31,2621.882,236.185,10.372,11688.461,1646.728,2729.8960000000006,30.542
LVS,2014,2014-12-31,7745,808,3.55,4079,6838,-249,2841,3588,2014-12-31,3833,245,14,14584,1646,2760,2
LVS,2013,2013-12-31,7516,826,2.82,3394,6253,-255,2306,2955,2013-12-31,3144,189,16,13770,1770,2860,4
LVS,2012,2012-12-31,6070,825,2.03,2292,5062,-235,1524,1882,2012-12-31,2063,181,20,11131,1652,2769,6
LVS,2011,2011-12-31,4923,812,1.6,2367,4488,-269,1560,1883,2011-12-31,2095,212,11,9411,1239,2120,-4
LVS,2010,2010-12-31,3875,792,0.6,1162,2978,-298,599,782,2010-12-31,856,74,2,6853,1005,1816,-8
LVS,2009,2009-12-31,2877,657,-0.58,-52,1686,-311,-354,-369,2009-12-31,-373,-4,1,4563,920,1738,-10
LVS,2008,2008-12-31,2769,392,-0.39,155,1621,-402,-164,-168,2008-12-31,-228,-60,13,4390,859,1466,19
LVS,2007,2007-12-31,1746,356,0.36,319,1205,-172,117,117,2007-12-31,138,22,10,2951,630,885,-9
LVS,2006,2006-12-31,1164,355,1.25,574,1073,-70,442,442,2006-12-31,504,62,26,2237,346,499,0
LVS,2005,2005-12-31,873,355,1.18,352,867,-63,284,284,2005-12-31,288,4,22,1741,244,515,-1
LVS,2004,2004-12-31,542,327,0.76,612,564,-130,495,495,2004-12-31,481,-14,,1106,341,43,0
LVS,2003,2003-12-31,287,325,0.2,186,321,-120,67,67,2003-12-31,67,0,,608,155,219,1
LVS,2002,2002-12-31,259,325,0.12,109,365,-121,-12,-12,2002-12-31,-12,0,,623,150,256,1
LVS,2001,2001-12-31,273,325,0.03,129,314,-119,8,8,2001-12-31,8,0,,587,132,185,-2
LEG,2019,2019-12-31,3701.9,135.4,2.52778,513.4,1050.6,-83.3,333.8,333.9,2019-12-31,430.1,96.2,,4752.5,469.7,537.2000000000003,
LEG,2018,2018-12-31,3380.8,135.2,2.31542,436.9,888.7,-52.5,305.9,304.3,2018-12-31,384.4,80.1,,4269.5,425.1,451.7999999999997,
LEG,2017,2017-12-31,3061.4,137.3,2.39744,467.9,882.4,-35.9,292.6,344,2017-12-31,432,88,,3943.8,400.5,414.5,
LEG,2016,2016-12-31,2850.7,140,2.44326,522,899.2,-34.9,385.8,367.1,2016-12-31,487.1,120,,3749.9,396.8,377.2000000000003,
LEG,2015,2015-12-31,2994,142.9,2.29865,486.5,923.2,-36.7,325.1,328,2015-12-31,449.8,121.8,,3917.2,416.9,436.6999999999998,
LEG,2014,2014-12-31,2991.9,143.2,1.53,331.5,790.4,-36,98,225.2,2014-12-31,295.5,70.3,,3782.3,449.6,458.9000000000001,-6.6
LEG,2013,2013-12-31,2998.8,147.3,1.55,284.8,747.2,-37,197.3,192.8,2013-12-31,247.8,55,,3746,394.8,462.39999999999964,-7.4
LEG,2012,2012-12-31,2972.8,146,1.72,341.3,748,-36.9,248.2,248.1,2012-12-31,304.4,56.3,,3720.8,380.4,406.6999999999998,-7.4
LEG,2011,2011-12-31,2970.7,147,1.22,237.8,665.3,-31.6,153.3,156.4,2011-12-31,206.2,49.8,,3636,382.1,427.5,-3.9
LEG,2010,2010-12-31,2703.7,153.3,1.14,288,655.4,-32.5,176.6,183.6,2010-12-31,255.5,71.9,,3359.1,354.3,367.4000000000001,-4.3
LEG,2009,2009-12-31,2425.4,160,0.77,230.3,629.7,-31.9,111.8,121.1,2009-12-31,198.4,77.3,,3055.1,363,399.4000000000001,-1
LEG,2008,2008-12-31,3384.9,168.2,0.8,227.7,691.2,-39.7,104.4,122.9,2008-12-31,188,65.1,,4076.1,423.2,463.5,-0.8
LEG,2007,2007-12-31,3507.8,179.8,0.8,177.5,798.6,-49.1,-11.2,51,2007-12-31,128.4,77.4,,4306.4,440.6,621.0999999999995,14.6
LEG,2006,2006-12-31,4507,186.8,1.61,482,998.4,-47.2,300.3,300.3,2006-12-31,434.8,134.5,,5505.4,489.5,516.3999999999996,8.1
LEG,2005,2005-12-31,4386.5,193.6,1.3,396.2,912.8,-40,251.3,251.3,2005-12-31,356.2,104.9,,5299.3,468.8,516.6000000000004,37.5
LEG,2004,2004-12-31,4169.7,196.9,1.45,461.7,915.8,-39.1,285.4,285.4,2004-12-31,422.6,137.2,,5085.5,460.2,454.10000000000036,-16.6
LEG,2003,2003-12-31,3616.5,197,1.05,355.3,771.7,-40.2,205.9,205.9,2003-12-31,315.1,109.2,,4388.2,409.9,416.4000000000001,-1.9
LEG,2002,2002-12-31,3450.1,199.8,1.17,400.6,821.7,-37.1,233.1,233.1,2002-12-31,363.5,130.4,,4271.8,394.2,421.0999999999999,16.7
LEG,2001,2001-12-31,3121.8,200.4,1.05,351.2,992,-53.9,187.6,187.6,2001-12-31,297.3,109.7,,4113.8,590.3,640.7999999999997,10.6
LEG,2000,2000-12-31,3188.5,200.4,1.41,480.8,1087.8,-62.2,264.1,264.1,2000-12-31,418.6,154.5,,4276.3,567.1,607,5.8
LEG,1999,1999-12-31,2758.7,200.9,1.52,502.5,1020.3,-39.9,290.5,290.5,1999-12-31,462.6,172.1,,3779,491.2,517.8000000000002,-2.2
LEG,1998,1998-12-31,2498.9,200.7,1.29,429.1,871.5,-33.5,248,248,1998-12-31,395.6,147.6,,3370.4,422.8,442.4000000000001,-2.2
LEG,1997,1997-12-31,2171.4,193.2,1.17,362.5,737.8,-29.2,208.3,208.3,1997-12-31,333.3,125,,2909.2,358.8,375.2999999999997,-0.8
LEG,1996,1996-12-31,1842.7,183.8,1.01,277.6,623.5,-27.9,140.5,153,1996-12-31,249.7,96.7,,2466.2,303.5,345.89999999999986,-0.6
LEG,1995,1995-12-31,1568.3,170,0.85,236.2,491,-11.5,134.9,134.9,1995-12-31,220.7,85.8,,2059.3,254.8,254.79999999999995,-4
LEG,1994,1994-12-31,1429.1,166.4,0.78,202,429,-9.8,115.4,115.4,1994-12-31,189.5,74.1,,1858.1,227,227,-2.7
LEG,1993,1993-12-31,1177.7,164.6,0.52,151.2,349,-10.2,85.9,85.9,1993-12-31,141,55.1,,1526.7,192.4,197.79999999999995,5.4
LEG,1992,1992-12-31,903.9,159.2,0.39,105.6,266.6,-5.8,62.5,62.5,1992-12-31,99.8,37.3,,1170.5,157.8,161.0000000000001,3.2
LEG,1991,1991-12-31,849.4,148.4,0.27,76.1,232.4,-12.3,39.4,39.4,1991-12-31,63.9,24.5,,1081.8,154.3,156.30000000000007,2
LEG,1990,1990-12-31,856.7,149.6,0.29,65.7,232,-15.2,29.4,29.4,1990-12-31,50.6,21.2,,1088.6,144.3,166.19999999999993,1.7
LEG,1989,1989-12-31,782.8,147.6,0.32,88.4,208.8,-12.7,45.9,45.9,1989-12-31,75.7,29.8,,991.6,120.3,120.40000000000009,0.1
LEG,1988,1988-12-31,646.7,145.3,0.27,67.4,163.2,-7.4,37.7,37.7,1988-12-31,60,22.3,,809.9,97.5,95.79999999999995,-1.7
LEG,1987,1987-12-31,532.7,146.3,0.27,72.4,146.2,-6.6,38.7,38.7,1987-12-31,65.8,27.2,,678.9,79.1,73.79999999999995,-5.3
LEG,1986,1986-12-31,483.2,140.2,0.26,66.2,131.7,-6.6,32,36.7,1986-12-31,59.7,23,,615,71.7,65.50000000000006,-6.2
LEG,1985,1985-12-31,377.6,163.9,0.15,47.4,101.3,-6.3,24,24,1985-12-31,41.1,17.1,,478.9,53.9,53.89999999999998,
LEG,1984,1984-12-31,354.4,129.6,0.18,44.2,93,-5.6,24.8,23.4,1984-12-31,38.6,15.2,,447.4,51.4,48.80000000000001,-2.7
LEG,1983,1983-12-31,283.7,113.1,0.15,33.7,72.7,-5,17.1,16.8,1983-12-31,28.7,11.8,,356.3,40.4,39,-1.4
LDOS,2020,2020-01-03,9546,145,4.62668,912,1548,-134,667,670,2020-01-03,866,196,49,11094,600,636,88
LDOS,2018,2018-12-28,8690,153,4.04374,749,1504,-136,581,578,2018-12-28,610,32,46,10194,683,755,-3
LDOS,2017,2017-12-29,8923,154,2.20174,559,1247,-140,366,249,2017-12-29,393,144,42,10170,520,688,-26
LDOS,2016,2016-12-30,6191,104,3.14949,417,852,-86,244,246,2016-12-30,318,72,44,7043,293,435,-13
LDOS,2015,2016-01-01,4146,74,3.62604,320,566,-49,242,243,2016-01-01,355,112,29,4712,180,246,84
LDOS,2014,2015-01-30,4392,74,0.5473,-214,671,-74,-323,-330,2015-01-30,-283,47,37,5063,278,885,5
LDOS,2013,2014-01-31,5006,83,2.31,164,766,-68,164,84,2014-01-31,88,4,45,5772,441,602,-8
LDOS,2012,2013-01-31,9809,83,6.51,734,1364,-84,525,523,2013-01-31,658,135,64,11173,528,630,8
LDOS,2011,2012-01-31,9606,84,1.06,311,981,-109,59,-8,2012-01-31,207,215,,10587,540,670,5
LDOS,2010,2011-01-31,9632,92,6.07,954,1485,-72,618,569,2011-01-31,883,314,,11117,527,531,1
LDOS,2009,2010-01-31,9343,98,4.98,866,1503,-70,497,500,2010-01-31,799,299,,10846,636,637,3
LDOS,2008,2009-01-31,8692,101,4.45,776,1378,-58,452,447,2009-01-31,703,256,,10070,602,602,-15
LDOS,2007,2008-01-31,7698,104,3.7,666,1237,-37,415,386,2008-01-31,626,240,,8935,571,571,-3
LDOS,2006,2007-01-31,7184,91,4.06,584,1110,16,391,369,2007-01-31,603,234,,8294,525,526,3
LDOS,2005,2006-01-31,6801,19,18.4,497,991,-7,927,358,2006-01-31,497,139,,7792,494,494,7
LDOS,2004,2005-01-31,6283,19,14.43,488,904,-59,409,286,2005-01-31,417,131,,7187,418,416,-12
LDOS,2003,2004-01-31,5053,19,12.18,395,780,-26,351,234,2004-01-31,374,140,,5833,378,385,5
LDOS,2002,2003-01-31,4169,19,5.98,311,666,-142,259,114,2003-01-31,175,61,,4835,347,355,6
LDOS,2001,2002-01-31,3786,19,-5.09,246,588,-420,19,-84,2002-01-31,-164,-80,,4374,352,342,10
LEN,2019,2019-11-30,19079.891,318.422,5.87244,2434.292,3179.67,,1849.052,1842.119,2019-11-30,2434.292,592.173,,22259.561,341.114,745.3780000000006,
LEN,2018,2018-11-30,17932.54,308.565,6.06136,2262.684,2639.091,,1695.831,1786.113,2018-11-30,2262.684,476.571,,20571.631,343.934,376.40699999999924,
LEN,2017,2017-11-30,10750.836,237.156,3.76748,1189.611,1895.529,,810.48,771.754,2017-11-30,1189.611,417.857,,12646.365,285.889,705.9180000000015,
LEN,2016,2016-11-30,9214.639,230.712,3.93377,1330.469,1735.36,,911.844,913.091,2016-11-30,1330.469,417.378,,10949.999,232.562,404.89100000000144,
LEN,2015,2015-11-30,7964.055,230.812,3.46088,1209.616,1509.953,,802.894,819.2,2015-11-30,1209.616,390.416,,9474.008,216.244,300.33699999999953,
LEN,2014,2014-11-30,6516,228,2.8,970,1264,,639,629,2014-11-30,970,341,,7780,177,294,-11
LEN,2013,2013-11-30,4983,226,2.15,682,952,,480,505,2013-11-30,682,177,,5935,146,270,-44
LEN,2012,2012-11-30,3646,219,3.16,222,459,,679,657,2012-11-30,222,-435,,4105,127,237,
LEN,2011,2011-11-30,2780,195,0.61,98,315,,92,113,2011-11-30,98,-15,,3095,95,217,
LEN,2010,2010-11-30,2837,189,0.69,95,237,,95,120,2010-11-30,95,-26,,3074,94,142,
LEN,2009,2009-11-30,3010,171,-1.02,-731,109,,-417,-417,2009-11-30,-731,-314,,3119,569,841,98
LEN,2008,2008-11-30,4230,158,-6.04,-562,345,,-1109,-1109,2008-11-30,-562,548,,4575,785,907,172
LEN,2007,2007-11-30,11271,158,-2.17,-3081,-1084,,-1941,-1941,2007-11-30,-3081,-1140,,10187,1542,1997,50
LEN,2006,2006-11-30,15171,161,3.69,956,1095,,594,607,2006-11-30,956,349,,16267,193,140,-67
LEN,2005,2005-11-30,11635,166,8.3,2205,2232,,1355,1389,2005-11-30,2205,815,,13867,187,27,-62
LEN,2004,2004-11-30,8993,167,5.7,1519,1512,,946,946,2004-11-30,1519,573,,10505,142,-7,-58
LEN,2003,2003-11-30,7693,163,4.65,1207,1215,,751,751,2003-11-30,1207,456,,8908,111,8,-22
LEN,2002,2002-11-30,6213,157,3.51,876,1107,,545,545,2002-11-30,876,331,,7320,86,231,
LEN,2001,2001-11-30,5155,155,2.73,679,875,,418,418,2001-11-30,679,262,,6029,76,195,
LEN,2000,2000-11-30,4183,142,1.66,376,524,,229,229,2000-11-30,376,146,,4707,50,148,
LEN,1999,1999-11-30,2747,143,1.25,285,372,,173,173,1999-11-30,285,113,,3119,38,86,
LEN,1998,1998-11-30,1886,129,1.13,240,531,,144,144,1998-11-30,240,96,,2417,239,291,
LEN,1997,1997-11-30,1012,83,0.81,86,291,,84,51,1997-11-30,86,35,,1303,146,205,
LEN,1996,1996-11-30,346,80,0.25,33,74,,20,20,1996-11-30,33,14,,420,43,41,-2
LEN,1995,1995-11-30,646,79,0.41,53,85,,70,33,1995-11-30,53,21,,731,11,32,
LEN,1994,1994-11-30,671,79,0.86,112,147,,69,68,1994-11-30,112,44,,818,10,35,
LEN,1993,1993-11-30,542,76,0.69,82,124,,53,53,1993-11-30,82,30,,667,28,43,
LEN,1992,1992-11-30,335,68,0.5,45,95,,29,29,1992-11-30,45,16,,429,20,49,
LEN,1991,1991-11-30,250,66,0.32,33,76,,21,21,1991-11-30,33,12,,326,17,43,
LEN,1990,1990-11-30,280,66,0.21,21,71,,14,14,1990-11-30,21,7,,351,21,50,
LEN,1989,1989-11-30,343,66,0.42,43,97,,28,28,1989-11-30,43,14,,440,22,55,
LEN,1988,1988-11-30,331,66,0.42,41,99,,28,28,1988-11-30,41,14,,429,21,57,
LEN,1987,1987-11-30,284,61,0.38,38,93,,23,23,1987-11-30,38,15,,377,21,55,
LEN,1986,1986-11-30,186,58,0.22,22,36,,12,11,1986-11-30,22,11,,221,14,13,
LEN,1985,1985-11-30,194,59,0.2,21,37,,12,11,1985-11-30,21,10,,231,16,16,
LEN,1984,1984-11-30,130,61,0.1,9,24,,6,6,1984-11-30,9,4,,154,15,15,
LEN,1983,1983-11-30,96,59,0.14,14,27,,8,8,1983-11-30,14,6,,123,13,13,
LLY,2019,2019-12-31,4721.2,935.684,5.70063,5031.6,17598.3,-320.2,8318.4,4637.9,2019-12-31,5265.9,628,5595,22319.5,6213.8,12566.7,554.5
LLY,2018,2018-12-31,4681.7,1033.667,5.37021,3534.5,16811.6,-83.2,3232,3325.9,2018-12-31,3680.1,354.2,5051.2,21493.3,5975.1,13277.099999999999,228.8
LLY,2017,2017-12-31,4447.7,1052.023,6.15171,2003.3,15526.1,-58.6,-204.1,4493.6,2017-12-31,2304.8,-2188.8,5096.2,19973.8,5982.4,13522.8,360.1
LLY,2016,2016-12-31,5654.9,1061.825,2.89874,3458.8,15567.2,-76.5,2737.6,2737.6,2016-12-31,3374,636.4,5243.9,21222.1,6452,12108.4,-8.3
LLY,2015,2015-12-31,5037.2,1065.72,3.19475,2522.7,14921.5,-74.2,2408.4,2408.4,2015-12-31,2790,381.6,4796.4,19958.7,6533,12398.8,341.5
LLY,2014,2014-12-31,4933,1074,2.76,2660,14683,-28,2391,2391,2014-12-31,3000,610,4734,19616,6621,12023,368
LLY,2013,2013-12-31,4908,1085,4.46,5370,18205,-40,4685,4685,2013-12-31,5889,1205,5531,23113,7126,12835,559
LLY,2012,2012-12-31,4797,1117,3.85,4734,17807,-73,4089,4089,2012-12-31,5408,1320,5278,22603,7514,13072,747
LLY,2011,2011-12-31,5068,1114,4.54,5529,19219,-106,4348,4348,2011-12-31,5350,1002,5021,24287,7880,13690,-73
LLY,2010,2010-12-31,4366,1106,4.76,6530,18710,-134,5070,5070,2010-12-31,6525,1456,4884,23076,7053,12180,129
LLY,2009,2009-12-31,4247,1098,4.53,5587,17589,-186,4329,4329,2009-12-31,5358,1029,4327,21836,6893,12002,-43
LLY,2008,2008-12-31,4383,1094,3.7,-1282,15995,-18,-2072,-2072,2008-12-31,-1308,764,3841,20378,6626,17277,-9
LLY,2007,2007-12-31,4249,1091,3.6,3766,14385,-13,2953,2953,2007-12-31,3877,924,3487,18634,6095,10619,124
LLY,2006,2006-12-31,3547,1087,3.13,3277,12145,24,2663,2663,2006-12-31,3418,755,3129,15691,4890,8868,118
LLY,2005,2005-12-31,3474,1092,2.67,2414,11171,107,1980,2002,2005-12-31,2718,716,3026,14645,4497,8757,196
LLY,2004,2004-12-31,3224,1089,2.36,2585,10634,105,1810,1810,2004-12-31,2942,1132,2691,13858,4284,8049,252
LLY,2003,2003-12-31,2675,1082,2.64,3120,9907,-61,2561,2561,2003-12-31,3262,701,2350,12583,4055,6788,203
LLY,2002,2002-12-31,2177,1085,2.57,3244,8901,-80,2708,2708,2002-12-31,3458,750,2149,11078,3424,5657,294
LLY,2001,2001-12-31,2160,1091,2.87,3418,9382,-147,2780,2809,2001-12-31,3552,743,2235,11543,3417,5965,281
LLY,2000,2000-12-31,2056,1098,2.82,3560,8807,-182,3058,3058,2000-12-31,3859,801,2019,10862,3228,5247,481
LLY,1999,1999-12-31,2098,1106,2.39,3276,7905,-184,2721,2547,1999-12-31,3245,699,1784,10003,2758,4629,153
LLY,1998,1998-12-31,2015,1121,2.07,2697,7222,-181,2098,2096,1998-12-31,2665,569,1739,9237,2658,4525,149
LLY,1997,1997-12-31,2363,1101,1.19,15,6155,-234,-385,-385,1997-12-31,510,895,1382,8518,2314,6139,729
LLY,1996,1996-12-31,2118,1117,1.49,2047,5228,-289,1524,1524,1996-12-31,2031,508,1190,7347,1992,3182,273
LLY,1995,1995-12-31,1886,1152,1.29,1982,4878,-286,2291,1307,1995-12-31,1766,459,1042,6764,1854,2896,70
LLY,1994,1994-12-31,1680,1171,1.1,1671,4032,-104,1286,1185,1994-12-31,1699,514,839,5712,1398,2361,132
LLY,1993,1993-12-31,1959,1177,1.11,653,4493,,480,491,1993-12-31,702,211,955,6452,1714,3841,49
LLY,1992,1992-12-31,1897,1178,1.04,1156,4270,,709,828,1992-12-31,1182,355,925,6167,1624,3115,27
LLY,1991,1991-12-31,1718,1169,1.13,1768,4008,,1315,1315,1991-12-31,1879,565,767,5726,1473,2239,111
LLY,1990,1990-12-31,1586,1156,0.98,1539,3605,,1127,1127,1990-12-31,1599,472,703,5192,1363,2066,60
LLY,1989,1989-12-31,1256,1174,0.8,1165,2920,,940,940,1989-12-31,1330,390,605,4176,1150,1755,165
LLY,1988,1988-12-31,1125,1149,0.66,951,2482,,761,761,1988-12-31,1081,320,512,3607,1020,1531,130
LLY,1987,1987-12-31,1087,1176,0.51,543,2150,,644,411,1987-12-31,579,168,435,3236,900,1606,35
LLY,1986,1986-12-31,1346,1168,0.48,860,2374,,558,558,1986-12-31,876,318,427,3720,1087,1514,16
LLY,1985,1985-12-31,1175,,,758,2095,,788,788,1985-12-31,791,3,370,3271,967,1337,32
LLY,1984,1984-12-31,1128,1177,0.42,744,1981,,490,490,1984-12-31,771,281,341,3109,895,1237,26
LLY,1983,1983-12-31,1103,1204,0.38,725,1931,,457,457,1983-12-31,755,297,294,3034,912,1206,30
LNC,2019,2019-12-31,,202.10513,4.36992,1324,,-339,886,869,2019-12-31,919,50,,,2875,15949,-66
LNC,2018,2018-12-31,,219.55211,7.4152,2271,,-310,1641,1622,2018-12-31,1885,263,,,2503,14191,-76
LNC,2017,2017-12-31,,226.22098,6.25626,1453,,-280,2079,779,2017-12-31,1130,351,,,2204,12820,-43
LNC,2016,2016-12-31,,236.83029,5.38525,1829,,-363,1192,1192,2016-12-31,1458,266,,,2105,11623,-8
LNC,2015,2015-12-31,,254.93811,4.69752,1734,,-304,1154,1154,2015-12-31,1430,276,,,2162,11923,
LNC,2014,2014-12-31,,268,5.72,2264,,-267,1515,1514,2014-12-31,1997,483,,,2108,11316,
LNC,2013,2013-12-31,,275,4.74,1896,,-265,1244,1244,2013-12-31,1631,387,,,2079,10153,
LNC,2012,2012-12-31,,288,5.27,1841,,-273,1313,1286,2012-12-31,1568,282,,,1979,9950,
LNC,2011,2011-12-31,,315,2.41,893,,-294,294,302,2011-12-31,599,297,,,1844,9908,
LNC,2010,2010-12-31,,319,3.08,1525,,-291,980,951,2010-12-31,1234,283,,,1791,9122,
LNC,2009,2009-12-31,,280,1.78,-324,,-197,-485,-415,2009-12-31,-521,-106,,,1627,9490,
LNC,2008,2008-12-31,,259,1.22,256,,-281,57,62,2008-12-31,-25,-87,,,,9627,
LNC,2007,2007-12-31,,274,4.82,2158,,-284,1215,1321,2007-12-31,1874,553,,,,8436,
LNC,2006,2006-12-31,,256,5.14,2036,,-225,1316,1316,2006-12-31,1811,495,,,,7027,
LNC,2005,2005-12-31,,176,4.72,1163,,-89,831,831,2005-12-31,1075,244,,,,4325,
LNC,2004,2004-12-31,,179,4.09,1136,,-100,707,732,2004-12-31,1036,304,,,,4235,
LNC,2003,2003-12-31,,179,4.49,1143,,-95,512,767,2003-12-31,1048,280,,,,4141,
LNC,2002,2002-12-31,,186,0.49,98,,-97,92,92,2002-12-31,2,-90,,,,4537,
LNC,2001,2001-12-31,,193,4,885,,-121,590,606,2001-12-31,764,158,,,,5495,
LNC,2000,2000-12-31,,195,4.19,976,,-140,621,621,2000-12-31,836,215,,,,5876,
LNC,1999,1999-12-31,,200,3.13,704,,-134,460,460,1999-12-31,570,110,,,,6100,0
LNC,1998,1998-12-31,,203,3.18,814,,-117,510,510,1998-12-31,697,188,,,,5273,0
LNC,1997,1997-12-31,,208,0.5,127,,-93,934,22,1997-12-31,35,13,,,,4771,0
LNC,1996,1996-12-31,,211,2.85,777,,-85,514,514,1996-12-31,693,179,,,,5944,
LNC,1995,1995-12-31,,210,2.65,699,,-73,482,482,1995-12-31,627,144,,,,5934,
LNC,1994,1994-12-31,,208,1.68,426,,-50,350,350,1994-12-31,376,26,,,,6559,0
LNC,1993,1993-12-31,,205,2.03,632,,-44,319,415,1993-12-31,588,173,,,,7658,0
LNC,1992,1992-12-31,,186,1.95,478,,-54,363,363,1992-12-31,425,62,,,,7556,0
LNC,1991,1991-12-31,,181,1.15,270,,-71,208,208,1991-12-31,199,-10,,,,8899,0
LNC,1990,1990-12-31,,172,1.07,272,,-72,191,191,1990-12-31,200,9,,,,8217,0
LNC,1989,1989-12-31,,169,1.5,416,,-86,269,269,1989-12-31,330,61,,,,7665,0
LNC,1988,1988-12-31,,168,0.82,201,,-66,151,151,1988-12-31,135,-16,,,,6721,0
LNC,1987,1987-12-31,,175,1.27,332,,-58,233,233,1987-12-31,274,41,,,,6126,0
LNC,1986,1986-12-31,,180,1.52,342,,-38,284,284,1986-12-31,374,90,,,,5657,70
LNC,1985,1985-12-31,,168,1.2,301,,-35,214,209,1985-12-31,290,81,,,,4606,24
LNC,1984,1984-12-31,,176,0.96,241,,-46,151,168,1984-12-31,195,27,,,,4104,
LNC,1983,1983-12-31,,174,0.97,240,,-42,178,168,1983-12-31,198,30,,,,3659,
LIN,2019,2019-12-31,16644,545.17,4.8008,2933,11584,-134,2285,2158,2019-12-31,2927,769,184,28228,3457,8651,128
LIN,2018,2018-12-31,9020,334.127,5.66085,5247,5816,-222,4381,4542,2018-12-31,5049,507,113,14836,1629,569,24
LIN,2017,2017-12-31,6382,289.114,5.79611,2444,4976,-161,1247,1655,2017-12-31,2287,632,93,11358,1207,2532,4
LIN,2016,2016-12-31,5855,287.757,5.42103,2247,4679,-190,1500,1497,2016-12-31,2048,551,92,10534,1145,2432,-9
LIN,2015,2015-12-31,5960,289.055,5.69655,2321,4816,-161,1547,1548,2015-12-31,2160,612,93,10776,1152,2495,0
LIN,2014,2014-12-31,6962,295.608,6.48631,2608,5311,-213,1694,1704,2014-12-31,2395,691,96,12273,1308,2703,0
LIN,2013,2013-12-31,6744,299,5.84,2625,5181,-182,1755,1798,2013-12-31,2447,649,98,11925,1349,2556,4
LIN,2012,2012-12-31,6396,302,5.6,2437,4828,-156,1692,1710,2012-12-31,2296,586,98,11224,1270,2391,15
LIN,2011,2011-12-31,6458,307,5.44,2468,4794,-160,1672,1682,2011-12-31,2323,641,90,11252,1239,2326,15
LIN,2010,2010-12-31,5754,311,4.38,2082,4362,-125,1195,1196,2010-12-31,1964,768,79,10116,1196,2280,7
LIN,2009,2009-12-31,5032,312,4.93,1575,3924,-138,1254,1273,2009-12-31,1442,169,74,8956,1088,2349,5
LIN,2008,2008-12-31,6495,318,4.27,1883,4301,-203,1211,1220,2008-12-31,1685,465,97,10796,1312,2418,5
LIN,2007,2007-12-31,5557,325,3.62,1786,3845,-178,1177,1194,2007-12-31,1613,419,98,9402,1190,2059,5
LIN,2006,2006-12-31,4968,329,3,1519,3356,-160,988,1009,2006-12-31,1364,355,87,8324,1086,1837,5
LIN,2005,2005-12-31,4641,330,2.22,1293,3015,-168,726,754,2005-12-31,1130,376,80,7656,987,1722,5
LIN,2004,2004-12-31,3987,331,2.1,1103,2607,-160,697,716,2004-12-31,948,232,77,6594,869,1504,5
LIN,2003,2003-12-31,3328,331,1.75,922,2285,-156,585,597,2003-12-31,771,174,75,5613,766,1363,5
LIN,2002,2002-12-31,2950,329,1.64,923,2178,-208,409,559,2002-12-31,717,158,69,5128,751,1255,2
LIN,2001,2001-12-31,3060,327,1.57,800,2098,-224,430,441,2001-12-31,576,135,66,5158,699,1298,
LIN,2000,2000-12-31,3075,322,1.45,707,1968,-224,363,380,2000-12-31,483,103,65,5043,683,1261,
LIN,1999,1999-12-31,2732,324,1.36,831,1907,-204,431,475,1999-12-31,627,152,67,4639,641,1076,
LIN,1998,1998-12-31,2807,327,1.37,856,2026,-260,425,469,1998-12-31,596,127,72,4833,644,1170,
LIN,1997,1997-12-31,2764,328,1.29,838,1971,-216,405,471,1997-12-31,622,151,79,4735,662,1133,
LIN,1996,1996-12-31,2564,318,1.09,647,1885,-195,282,342,1996-12-31,452,110,72,4449,688,1238,
LIN,1995,1995-12-31,1777,288,0.91,548,1369,-116,262,310,1995-12-31,432,122,61,3146,496,821,
LIN,1994,1994-12-31,1507,280,0.73,447,1204,-108,203,257,1994-12-31,339,82,58,2711,409,757,
LIN,1993,1993-12-31,1387,270,0.53,341,1051,-105,118,188,1993-12-31,236,48,58,2438,392,710,
LIN,1992,1992-12-31,1450,263,0.51,276,1154,-117,-60,122,1992-12-31,159,37,62,2604,407,878,
LIN,1991,1991-12-31,1402,288,0.4,324,1067,-117,107,139,1991-12-31,207,68,58,2469,397,743,
LIN,1990,1990-12-31,1285,288,0.4,409,1135,-143,114,117,1990-12-31,266,149,34,2420,394,726,
LIN,1989,1989-12-31,1165,288,0.28,242,908,-138,43,72,1989-12-31,104,32,32,2073,336,666,
LYV,2019,2019-12-31,8014.482,210.0827,0.05102,324.844,3533.487,-137.658,69.889,118.212,2019-12-31,185.104,66.892,,11547.969,2767.025,3208.643,-2.082
LYV,2018,2018-12-31,7524.732,207.44147,-0.04244,270.065,3263.068,-126.797,60.249,90.34,2018-12-31,131.105,40.765,,10787.8,2593.634,2993.0030000000006,-12.163
LYV,2017,2017-12-31,6803.798,204.92374,-0.74798,90.349,2883.424,-99.844,-6.015,-47.911,2017-12-31,-9.38,38.531,,9687.222,2420.795,2793.075,0.115
LYV,2016,2016-12-31,6082.708,202.07624,-0.20318,180.891,2272.226,-121.735,2.942,20.297,2016-12-31,48.326,28.029,,8354.934,1673.511,2091.335,-10.83
LYV,2015,2015-12-31,4920.873,200.97349,-0.27851,131.372,2324.858,-97.851,-32.508,-15.769,2015-12-31,6.353,22.122,,7245.731,1781.302,2193.486000000001,-27.168
LYV,2014,2014-12-31,4677.069,198.87402,-0.02515,6.976,2189.895,-98.54,-90.807,-104.45,2014-12-31,-99.82,4.63,,6866.964,1674.06,2182.919,-8.256
LKQ,2019,2019-12-31,7654.315,310.969,1.93497,896.771,4851.794,-105.749,541.26,575.692,2019-12-31,791.022,215.33,,12506.109,3580.3,3955.023,
LKQ,2018,2018-12-31,7301.817,315.849,1.68589,883.309,4574.857,-139.878,480.118,552.036,2018-12-31,743.431,191.395,,11876.674,3352.731,3691.548,
LKQ,2017,2017-12-31,5937.286,310.649,1.53619,848.412,3799.623,-81.785,533.744,458.079,2017-12-31,766.627,308.548,,9736.909,2715.407,2951.2109999999993,
LKQ,2016,2016-12-31,5232.328,309.784,1.59474,744.955,3351.703,-67.674,463.975,456.715,2016-12-31,677.281,220.566,,8584.031,2359.11,2606.7479999999996,
LKQ,2015,2015-12-31,4359.104,307.496,1.41833,704.627,2833.529,-55.597,423.223,429.327,2015-12-31,649.03,219.703,,7192.633,1987.271,2128.902,
LKQ,2014,2014-12-31,4088.151,306.045,1.27887,649.544,2651.913,-61.656,381.519,383.624,2014-12-31,587.888,204.264,,6740.064,1866.52,2002.3690000000006,
LKQ,2013,2013-12-31,2987,304,1.05,527,2075,-52,312,312,2013-12-31,476,164,,5063,1454,1548,
LKQ,2012,2012-12-31,2399,301,0.88,438,1724,-29,261,261,2012-12-31,409,148,,4123,1219,1286,
LKQ,2011,2011-12-31,1878,297,0.74,356,1392,-20,210,210,2011-12-31,336,126,,3270,973,1036,
LKQ,2010,2010-12-31,1376,146,1.15,298,1093,-28,169,167,2010-12-31,270,103,,2470,757,796,
LKQ,2009,2009-12-31,1120,288,0.44,236,928,-30,128,127,2009-12-31,205,78,,2048,660,692,
LKQ,2008,2008-12-31,1065,282,0.36,193,844,-34,100,97,2008-12-31,159,62,,1909,612,650,
LKQ,2007,2007-12-31,614,240,0.27,119,498,-14,66,64,2007-12-31,105,41,,1112,362,379,
LKQ,2006,2006-12-31,432,223,0.2,77,358,-4,44,44,2006-12-31,73,28,,789,269,280,
LKQ,2005,2005-12-31,290,195,0.16,53,258,-1,31,31,2005-12-31,52,21,,547,196,204,
LKQ,2004,2004-12-31,227,179,0.11,35,198,-1,21,21,2004-12-31,34,13,,425,156,163,
LKQ,2003,2003-12-31,174,146,0.1,26,154,-2,15,15,2003-12-31,24,10,,328,122,128,0
LKQ,2002,2002-12-31,155,155,0.07,21,133,-2,-39,11,2002-12-31,18,7,,287,107,111,0
LKQ,2001,2001-12-31,133,150,0.05,13,118,-5,4,4,2001-12-31,8,4,,250,97,104,0
LKQ,2000,2000-12-31,119,141,0.02,5,107,-5,-1,-1,2000-12-31,0,1,,226,94,103,0
LKQ,1999,1999-12-31,94,129,0.03,4,85,-1,1,1,1999-12-31,3,2,,178,72,80,
LKQ,1998,1998-12-31,16,50,0.01,0,15,1,0,0,1998-12-31,1,0,,31,,14,
LMT,2019,2019-12-31,51445,283.8,21.69439,8545,8367,-653,6230,6230,2019-12-31,7241,1011,,59812,,-178,-651
LMT,2018,2018-12-31,46459,286.8,17.73106,7334,7303,-668,5046,5003,2018-12-31,5838,835,,53762,,-31,-828
LMT,2017,2017-12-31,43739,290.6,12.99381,6744,6221,-651,1963,3776,2017-12-31,5246,1470,,49960,,-523,-847
LMT,2016,2016-12-31,41875,303.1,12.28178,5888,5415,-663,5173,3661,2016-12-31,4754,1093,,47290,,-473,-471
LMT,2015,2015-12-31,35951,314.7,10.12274,4712,4585,-443,3605,3126,2015-12-31,4299,1173,,40536,,-127,30
LMT,2014,2014-12-31,40226,322,11.46,5592,5374,-275,3614,3614,2014-12-31,5258,1644,,45600,,-218,-59
LMT,2013,2013-12-31,40775,327,9.9,4505,4583,-286,2981,2950,2013-12-31,4155,1205,,45358,,78,-64
LMT,2012,2012-12-31,42938,328,8.46,4434,4244,-316,2745,2745,2012-12-31,4072,1327,,47182,,-190,-46
LMT,2011,2011-12-31,42659,340,8.14,3980,3840,-22,2655,2667,2011-12-31,3631,964,,46499,,-140,-327
LMT,2010,2010-12-31,41747,368,7.93,4097,4056,-345,2926,2645,2010-12-31,3826,1181,,45803,,-41,74
LMT,2009,2009-12-31,40965,389,7.82,4466,4224,-182,3024,3024,2009-12-31,4284,1260,,45189,,-242,16
LMT,2008,2008-12-31,38082,409,7.54,5131,4649,-429,3217,3217,2008-12-31,4702,1485,,42731,,-482,0
LMT,2007,2007-12-31,37628,427,6.99,4527,4234,-159,3033,3033,2007-12-31,4368,1335,,41862,,-293,0
LMT,2006,2006-12-31,36186,436,5.68,3770,3434,-162,2529,2529,2006-12-31,3592,1063,,39620,,-336,-16
LMT,2005,2005-12-31,34676,446,4.09,2853,2537,-227,1825,1825,2005-12-31,2616,791,,37213,,-316,-10
LMT,2004,2004-12-31,33378,447,3.35,1985,2148,-321,1266,1266,2004-12-31,1664,398,,35526,,163,0
LMT,2003,2003-12-31,29807,450,2.63,1944,2017,-412,1053,1053,2003-12-31,1532,479,,31824,,73,27
LMT,2002,2002-12-31,24456,452,3.45,1010,2122,-441,500,533,2002-12-31,577,44,,26578,,1112,8
LMT,2001,2001-12-31,22447,433,0.07,1543,1543,-541,-1046,79,2001-12-31,188,109,,23990,,0,-925
LMT,2000,2000-12-31,23715,401,-1.59,1614,1614,-770,-519,-424,2000-12-31,286,710,,25329,,0,-888
LMT,1999,1999-12-31,23865,384,1.83,1665,1665,-758,382,737,1999-12-31,1200,463,,25530,,0,236
LMT,1998,1998-12-31,23914,381,2.57,2352,2352,-784,1001,1001,1998-12-31,1661,660,,26266,,0,58
LMT,1997,1997-12-31,25772,371,-1.6,2297,2297,-754,1300,1300,1997-12-31,1937,637,,28069,,0,375
LMT,1996,1996-12-31,24594,443,3.04,2281,2281,-668,1347,1347,1996-12-31,2033,686,,26875,,0,420
LMT,1995,1995-12-31,20881,442,2.52,1282,1972,-239,682,682,1995-12-31,1089,407,,22853,,690,46
LMT,1994,1994-12-31,8896,437,1.46,978,978,-115,636,636,1994-12-31,1072,436,,9874,,0,209
LMT,1993,1993-12-31,8647,442,1.02,789,789,-110,22,451,1993-12-31,726,275,,9436,,0,47
LMT,1992,1992-12-31,5405,392,0.88,549,549,-58,345,345,1992-12-31,512,167,,5954,,0,21
LMT,1991,1991-12-31,5538,405,0.77,537,537,-58,312,312,1991-12-31,420,108,,6075,,0,-59
LMT,1990,1990-12-31,5683,407,0.81,443,443,-42,328,328,1990-12-31,436,108,,6126,,0,35
LMT,1989,1989-12-31,5332,416,0.74,464,464,-43,307,307,1989-12-31,429,122,,5796,,0,8
LMT,1988,1988-12-31,5331,408,0.78,396,396,-39,358,319,1988-12-31,474,155,,5727,,0,117
LMT,1987,1987-12-31,4758,432,0.53,407,407,-24,231,231,1987-12-31,380,149,,5165,,0,-3
LMT,1986,1986-12-31,4422,436,0.47,331,331,-21,203,203,1986-12-31,328,125,,4753,,0,18
LMT,1985,1985-12-31,4116,440,0.56,294,294,-36,249,249,1985-12-31,418,169,,4410,,0,160
LMT,1984,1984-12-31,3634,420,0.4,286,286,-32,-191,177,1984-12-31,309,132,,3920,,0,55
LMT,1983,1983-12-31,3730,388,0.34,169,169,-100,141,141,1983-12-31,227,86,,3899,,0,158
L,2019,2019-12-31,,303.35,3.64456,1710,,-591,932,871,2019-12-31,1119,248,,,,13265,
L,2018,2018-12-31,,319.93,2.0435,1408,,-574,636,706,2018-12-31,834,128,,,,12679,
L,2017,2017-12-31,,337.5,2.91797,2228,,-646,1164,1222,2017-12-31,1582,360,,,,11521,
L,2016,2016-12-31,,338.31,2.11629,1472,,-536,654,716,2016-12-31,936,220,,,,11714,
L,2015,2015-12-31,,362.69,0.99644,764,,-520,260,287,2015-12-31,244,-43,,,,12807,
L,2014,2014-12-31,,383,2.72,2308,,-498,591,1353,2014-12-31,1810,457,,,,12094,
L,2013,2013-12-31,,390,3.46,1871,,-442,595,1069,2013-12-31,1429,360,,,,13260,
L,2012,2012-12-31,,396,1.74,1839,,-440,568,1110,2012-12-31,1399,289,,,,12867,
L,2011,2011-12-31,,405,3.03,2754,,-522,1064,1696,2011-12-31,2232,536,,,,11589,
L,2010,2010-12-31,,420,3.5,3419,,-517,1289,2007,2010-12-31,2902,895,,,,11428,
L,2009,2009-12-31,,433,5.72,2178,,-448,564,1385,2009-12-31,1730,345,,,,13291,
L,2008,2008-12-31,,477,5.12,932,,-345,4530,580,2008-12-31,587,7,,,,13799,
L,2007,2007-12-31,,536,3.63,4893,,-318,2489,3094,2007-12-31,4575,1481,,,,13487,
L,2006,2006-12-31,,554,3.78,4776,,-304,2491,3021,2006-12-31,4472,1451,,,,13135,
L,2005,2005-12-31,,558,1.69,2211,,-364,1212,1356,2005-12-31,1847,490,,,,13807,
L,2004,2004-12-31,,557,1.89,2153,,-324,1235,1293,2004-12-31,1829,536,,,,13096,
L,2003,2003-12-31,,556,-1.4,-1070,,-308,-611,-844,2003-12-31,-1378,-534,,,,17531,
L,2002,2002-12-31,,563,1.45,1957,,-310,912,1065,2002-12-31,1647,582,,,,15539,
L,2001,2001-12-31,,586,-0.6,-482,,-332,-590,-639,2001-12-31,-814,-175,,,,19899,
L,2000,2000-12-31,,596,3.19,3563,,-357,1877,2099,2000-12-31,3206,1107,,,,17775,
L,1999,1999-12-31,,651,0.85,1299,,-354,363,639,1999-12-31,944,306,,,,20167,
L,1998,1998-12-31,,687,1.39,1447,,-369,465,723,1998-12-31,1077,355,,,0,19762,
L,1997,1997-12-31,,690,1.21,1917,,-323,794,1098,1997-12-31,1593,495,,,3546,18222,
L,1996,1996-12-31,,697,2.04,2726,,-318,1384,1616,1996-12-31,2408,791,,,3162,17717,
L,1995,1995-12-31,,707,2.53,3122,,-283,1766,1894,1995-12-31,2839,945,,,2796,15556,
L,1994,1994-12-31,,722,0.37,441,,-175,268,275,1994-12-31,266,-9,,,1526,13074,
L,1993,1993-12-31,,769,0.77,852,,-162,594,643,1993-12-31,689,47,,,1506,12835,
L,1992,1992-12-31,,788,-0.03,-370,,-149,123,-130,1992-12-31,-518,-389,,,1418,14061,
L,1991,1991-12-31,,855,1.08,1395,,-164,904,1014,1991-12-31,1231,217,,,1070,12226,
L,1990,1990-12-31,,912,0.9,1103,,-172,805,873,1990-12-31,932,59,,,1135,11533,
L,1989,1989-12-31,,910,1,1083,,-131,907,1020,1989-12-31,952,-69,,,992,10354,
L,1988,1988-12-31,,913,0.98,1450,,-128,908,996,1988-12-31,1322,326,,,922,9303,
L,1987,1987-12-31,,936,0.7,844,,-141,696,740,1987-12-31,704,-36,,,766,8374,
L,1986,1986-12-31,,978,0.56,786,,-101,546,629,1986-12-31,685,56,,,668,7840,
L,1985,1985-12-31,,978,0.51,637,,-31,589,546,1985-12-31,606,60,,,635,6063,
L,1984,1984-12-31,,82,4.03,379,,-34,329,345,1984-12-31,345,-1,,,685,5249,
L,1983,1983-12-31,,69,3.84,423,,-48,341,283,1983-12-31,376,93,,,694,4805,
LOW,2020,2020-01-31,49205,778,5.55436,6314,22943,-670,4281,4281,2020-01-31,5623,1342,,72148,15297,16629,-21
LOW,2019,2019-02-01,48401,812,3.79153,4018,22908,-609,2314,2316,2019-02-01,3394,1078,,71309,16285,18890,-15
LOW,2018,2018-02-02,46185,840,4.46318,6122,22434,-617,3447,3467,2018-02-02,5489,2022,,68619,14444,16312,-16
LOW,2017,2017-02-03,43343,881,3.4756,5846,21674,-620,3093,3093,2017-02-03,5201,2108,,65017,14375,15828,-25
LOW,2016,2016-01-29,38504,929,2.73387,4971,20570,-540,2546,2546,2016-01-29,4419,1873,,59074,14105,15599,-12
LOW,2015,2015-01-30,36665,990,2.72694,4322,19558,-47,2698,2698,2015-01-30,4276,1578,,56223,13253,15236,1
LOW,2014,2014-01-31,34941,1061,2.17,3718,18476,-39,2286,2286,2014-01-31,3673,1387,,53417,12819,14758,-6
LOW,2013,2013-02-01,33194,1152,1.73,3137,17327,,1959,1959,2013-02-01,3137,1178,,50521,12167,14190,
LOW,2012,2012-02-03,32858,1273,1.63,2906,17350,,1839,1839,2012-02-03,2906,1067,,50208,12205,14444,
LOW,2011,2011-01-28,31663,1403,1.45,3228,17152,,2010,2010,2011-01-28,3228,1218,,48815,11935,13924,
LOW,2010,2010-01-29,30757,1464,1.26,2825,16463,,1783,1783,2010-01-29,2825,1042,,47220,11623,13638,
LOW,2009,2009-01-30,31729,1472,1.49,3506,16501,,2195,2195,2009-01-30,3506,1311,,48230,11176,12995,
LOW,2008,2008-02-01,31556,1510,1.86,4511,16727,,2809,2809,2008-02-01,4511,1702,,48283,10656,12216,
LOW,2007,2007-02-02,30729,1566,1.99,4998,16198,,3105,3105,2007-02-02,4998,1893,,46927,9884,11200,
LOW,2006,2006-02-03,28453,1607,1.73,4496,14790,,2765,2765,2006-02-03,4496,1731,,43243,9156,10294,
LOW,2005,2005-01-28,24165,1616,1.36,3536,12299,,2176,2176,2005-01-28,3536,1360,,36464,7685,8763,
LOW,2004,2004-01-30,21231,1612,1.16,2998,9607,,1877,1862,2004-01-30,2998,1136,,30838,5671,6609,
LOW,2003,2003-01-31,18465,1600,0.93,2359,8026,,1471,1471,2003-01-31,2359,888,,26491,4859,5667,
LOW,2002,2002-02-01,15743,1589,0.65,1624,6368,,1023,1023,2002-02-01,1624,601,,22111,4053,4744,
LOW,2001,2001-02-02,13488,1538,0.53,1281,5291,,810,810,2001-02-02,1281,472,,18779,3480,4009,
LOW,2000,2000-01-28,11525,1535,0.45,1063,4381,,673,673,2000-01-28,1063,390,,15906,2871,3317,
LOW,1999,1999-01-29,8950,1415,0.34,758,3295,,482,482,1999-01-29,758,276,,12245,2190,2536,
LOW,1998,1998-01-31,7447,1395,0.26,559,2690,,357,357,1998-01-31,559,201,,10137,1825,2131,
LOW,1997,1997-01-31,6376,1381,0.21,454,2224,,292,292,1997-01-31,454,161,,8600,1523,1771,
LOW,1996,1996-01-31,5312,1371,0.17,352,1763,,226,226,1996-01-31,352,126,,7075,1223,1411,
LOW,1995,1995-01-31,4598,1327,0.17,344,1513,,224,224,1995-01-31,344,120,,6111,1031,1169,
LOW,1994,1994-01-31,3457,1226,0.11,198,1081,,132,132,1994-01-31,198,67,,4538,784,883,
LOW,1993,1993-01-31,2946,1169,0.07,126,901,,85,85,1993-01-31,126,41,,3846,689,775,
LOW,1992,1992-01-31,2321,1168,0.05,5,735,,6,6,1992-01-31,5,-2,,3056,584,730,
LOW,1991,1991-01-31,2130,1191,0.06,100,703,,71,71,1991-01-31,100,29,,2833,534,603,
LOW,1990,1990-01-31,2004,1193,0.06,109,646,,75,75,1990-01-31,109,34,,2651,472,538,
LOW,1989,1989-01-31,1916,1208,0.06,106,600,,69,69,1989-01-31,106,36,,2517,433,495,
LOW,1988,1988-01-31,1858,1271,0.05,91,584,,61,56,1988-01-31,91,35,,2442,425,493,
LOW,1987,1987-01-31,1724,1249,0.04,108,559,,52,55,1987-01-31,108,53,,2283,407,451,
LOW,1986,1986-01-31,1560,1168,0.05,113,512,,60,60,1986-01-31,113,53,,2073,366,400,
LOW,1985,1985-01-31,1262,1160,0.05,119,426,,61,61,1985-01-31,119,58,,1689,290,308,
LOW,1984,1984-01-31,1071,1158,0.04,97,359,,51,51,1984-01-31,97,46,,1431,249,263,
LOW,1983,1983-01-31,773,1067,0.02,48,261,,25,25,1983-01-31,48,22,,1034,198,214,
LYB,2019,2019-12-31,29267,353,9.62323,4116,5460,4,3397,3404,2019-12-31,4052,648,111,34727,1199,1344,-68
LYB,2018,2018-12-31,32530,389,12.06941,5231,6474,41,4690,4703,2018-12-31,5311,608,115,39004,1129,1243,39
LYB,2017,2017-12-31,28036,399,10.20802,5460,6448,-169,4879,4076,2017-12-31,5493,1417,106,34484,859,988,202
LYB,2016,2016-12-31,23185,420,9.14762,5060,5998,78,3836,3847,2016-12-31,5233,1386,99,29183,833,938,95
LYB,2015,2015-12-31,25633,466,9.59871,6122,7102,37,4476,4479,2015-12-31,6209,1730,102,32735,828,980,50
LYB,2014,2014-12-31,38933,521,7.99768,5736,6675,-116,4174,4172,2014-12-31,5712,1540,127,45608,806,939,92
LYB,2013,2013-12-31,37927,570,6.73,5101,6135,-89,3857,3860,2013-12-31,4996,1136,150,44062,870,1034,-16
LYB,2012,2012-12-31,39577,577,5.34,4669,5775,-453,2848,2858,2012-12-31,4185,1327,172,45352,909,1106,-31
LYB,2011,2011-12-31,42758,572,4.94,4329,5425,-801,2147,2472,2011-12-31,3531,1059,196,48183,918,1096,3
LYB,2010,2010-12-31,37181,566,-10.44,10309,3970,-1420,10151,10020,2010-12-31,8875,-1145,154,41151,853,-6339,-14
LYB,2009,2009-12-31,29516,564,-1.74,-2452,1312,-1835,-2865,-2871,2009-12-31,-4282,-1411,145,30828,826,3764,5
LYB,2008,2008-12-31,50036,564,5.46,-5928,670,-2369,-7321,-7343,2008-12-31,-8191,-848,194,50706,1197,6598,106
LYB,2007,2007-12-31,15196,564,1.37,934,1924,6,661,661,2007-12-31,940,279,135,17120,740,990,
MTB,2019,2019-12-31,,134.462,13.7549,,,,1929.149,1929.149,2019-12-31,2547.261,618.112,,,,,
MTB,2018,2018-12-31,,144.151,12.73689,,,,1918.08,1918.08,2018-12-31,2508.24,590.16,,,,,
MTB,2017,2017-12-31,,152.551,9.26214,,,,1408.306,1493.737,2017-12-31,2323.862,830.125,,,,,
MTB,2016,2016-12-31,,157.304,7.77781,,,,1315.114,1315.114,2016-12-31,2058.398,743.284,,,,,
MTB,2015,2015-12-31,,137.533,7.18147,,,,1079.667,1079.667,2015-12-31,1674.692,595.025,,,,,
MTB,2014,2014-12-31,,131.844,7.42188,,,,1066.246,1066.246,2014-12-31,1642.245,575.999,,,,,
MTB,2013,2013-12-31,,129.6,8.26,,,,1138.5,1138.5,2013-12-31,1717.5,579.1,,,,,
MTB,2012,2012-12-31,,126.4,7.83,,,,1029.5,1029.5,2012-12-31,1552.5,523,,,,,
MTB,2011,2011-12-31,,123.1,6.72,,,,859.5,859.5,2011-12-31,1224.6,365.1,,,,,
MTB,2010,2010-12-31,,118.8,6.08,,,,736.2,736.2,2010-12-31,1092.8,356.6,,,,,
MTB,2009,2009-12-31,,114.8,4.34,,,,379.9,379.9,2009-12-31,519.3,139.4,,,,,
MTB,2008,2008-12-31,,110.9,5.03,,,,555.9,555.9,2008-12-31,739.8,183.9,,,,,
MTB,2007,2007-12-31,,110,6.04,,,,654.3,654.3,2007-12-31,963.5,309.3,,,,,
MTB,2006,2006-12-31,,113.9,7.4,,,,839.2,839.2,2006-12-31,1231.6,392.5,,,,,
MTB,2005,2005-12-31,,116.2,6.73,,,,782.2,782.2,2005-12-31,1170.9,388.7,,,,,
MTB,2004,2004-12-31,,120.4,6,,,,722.5,722.5,2004-12-31,1066.5,344,,,,,
MTB,2003,2003-12-31,,115.9,5.31,,,,573.9,573.9,2003-12-31,850.7,276.7,,,,,
MTB,2002,2002-12-31,,95.7,5.07,,,,485.1,485.1,2002-12-31,716.5,231.4,,,,,
MTB,2001,2001-12-31,,99,4.44,,,,378.1,378.1,2001-12-31,583.9,205.8,,,,,
MTB,2000,2000-12-31,,83.2,4.41,,,,286.2,286.2,2000-12-31,446.4,160.3,,,,,
MTB,1999,1999-12-31,,80.9,3.9,,,,265.6,265.6,1999-12-31,418.3,152.7,,,,,
MTB,1998,1998-12-31,,79.5,3.05,,,,208,208,1998-12-31,325.6,117.6,,,,,
MTB,1997,1997-12-31,,69.8,2.63,,,,176.2,176.2,1997-12-31,282.2,105.9,,,,,
MTB,1996,1996-12-31,,71.7,2.2,,,,151.1,151.1,1996-12-31,249,97.9,,,,,
MTB,1995,1995-12-31,,72.9,1.88,,,,131,131,1995-12-31,221.2,90.1,,,,,
MTB,1994,1994-12-31,,74.6,1.58,,,,117.3,117.3,1994-12-31,194.5,77.2,,,,,
MTB,1993,1993-12-31,,76,1.34,,,,102,102,1993-12-31,173.5,71.5,,,,,
MTB,1992,1992-12-31,,75.4,1.3,,,,97.9,97.9,1992-12-31,162.8,64.8,,,,,
MTB,1991,1991-12-31,,73.5,0.91,,,,67.2,67.2,1991-12-31,114.8,47.6,,,,,
MTB,1990,1990-12-31,,68.2,0.79,,,,53.9,53.9,1990-12-31,84.7,30.8,,,,,
MTB,1989,1989-12-31,,72.1,0.7,,,,41.3,50.7,1989-12-31,76.4,25.6,,,,,
MTB,1988,1988-12-31,,74,0.6,,,,44.5,44.5,1988-12-31,65,20.6,,,,,
MTB,1987,1987-12-31,,55.6,0.72,,,,40.3,40.3,1987-12-31,64.5,24.3,,,,,
MTB,1986,1986-12-31,,54.7,0.48,,,,26.2,26.2,1986-12-31,33.4,7.2,,,,,
MTB,1985,1985-12-31,,53.8,0.41,,,,22.2,22.2,1985-12-31,27.2,5,,,,,
MTB,1984,1984-12-31,,56.3,0.3,,,,17.1,17.1,1984-12-31,22.3,5.2,,,,,
MTB,1983,1983-12-31,,57.4,0.09,,,,5.3,5.3,1983-12-31,2.4,-2.9,,,,,
MRO,2019,2019-12-31,712,810,0.57414,633,4428,-251,480,480,2019-12-31,392,-88,149,5140,667,3795,10
MRO,2018,2018-12-31,842,847,1.07272,1667,5421,-239,1096,1096,2018-12-31,1427,331,289,6263,693,3754,-1
MRO,2017,2017-12-31,884,850,-0.84788,-165,3823,-282,-5723,-865,2017-12-31,-454,411,409,4707,554,3988,-7
MRO,2016,2016-12-31,957,819,-2.80379,-832,2441,-347,-2140,-2087,2016-12-31,-1164,923,323,3398,632,3273,15
MRO,2015,2015-12-31,1479,677,-1.93552,-2153,3354,-307,-2204,-1701,2015-12-31,-2439,-738,971,4833,804,5507,21
MRO,2014,2014-12-31,4351,683,1.65,1599,6997,-237,3046,969,2014-12-31,1361,392,793,11348,1060,5398,-1
MRO,2013,2013-12-31,4403,709,2.33,5204,10556,-255,1753,1593,2013-12-31,4930,3337,988,14959,1039,5352,-19
MRO,2012,2012-12-31,5467,710,2.62,6332,10221,-208,1582,1582,2012-12-31,6113,4531,729,15688,844,4422,-11
MRO,2011,2011-12-31,6475,714,3.25,4534,8188,-84,2946,1707,2011-12-31,4427,2720,644,14663,774,4273,-23
MRO,2010,2010-12-31,62566,712,3.68,5225,9755,-90,2568,2568,2010-12-31,5122,2554,498,72321,1796,5830,-13
MRO,2009,2009-12-31,45969,711,1.57,3590,7501,-77,1463,1184,2009-12-31,3441,2257,307,53470,1650,4580,-72
MRO,2008,2008-12-31,65597,713,5.97,7023,11596,-39,3528,3528,2008-12-31,6973,3445,490,77193,1869,5949,-11
MRO,2007,2007-12-31,54779,695,5.69,6623,9773,240,3956,3948,2007-12-31,6849,2901,454,64552,1721,3805,-14
MRO,2006,2006-12-31,53000,722,6.89,8932,11896,46,5234,4957,2006-12-31,8979,4022,365,64896,1599,3517,1
MRO,2005,2005-12-31,55151,718,4.25,5302,8160,-105,3032,3051,2005-12-31,4781,1730,222,63311,1640,3220,-416
MRO,2004,2004-12-31,44455,677,1.86,2670,5143,-129,1261,1257,2004-12-31,1984,727,202,49598,1363,2782,-557
MRO,2003,2003-12-31,36581,621,1.63,2084,4382,-189,1321,1012,2003-12-31,1596,584,149,40963,1245,2569,-299
MRO,2002,2002-12-31,27924,620,0.81,1366,3540,-252,516,536,2002-12-31,925,389,184,31464,1103,2430,-189
MRO,2001,2001-12-31,23255,618,2.2,2954,9764,-148,157,1318,2001-12-31,2077,759,144,33019,5405,6857,-729
MRO,2000,2000-12-31,25477,624,0.69,1648,9010,-198,432,432,2000-12-31,914,482,238,34487,5251,6734,-536
MRO,1999,1999-12-31,17273,620,0.46,1713,6939,-246,654,654,1999-12-31,978,324,238,24212,4704,5341,-489
MRO,1998,1998-12-31,15325,587,0.84,938,6401,-215,310,310,1998-12-31,452,142,313,21726,4291,5812,-271
MRO,1997,1997-12-31,10392,581,1.12,932,5276,-201,456,456,1997-12-31,672,216,189,15668,3293,4430,-59
MRO,1996,1996-12-31,11178,593,0.92,1234,5154,-233,664,671,1996-12-31,991,320,146,16332,3290,3920,-10
MRO,1995,1995-12-31,9011,575,0.51,105,4860,-258,-88,-83,1995-12-31,-190,-107,149,13871,3200,4755,-37
MRO,1994,1994-12-31,8405,573,0.36,755,4523,-456,321,321,1994-12-31,476,155,157,12928,3050,3768,177
MRO,1993,1993-12-31,8209,573,0.25,169,3753,-270,-29,-6,1993-12-31,-55,-49,145,11962,2471,3584,46
MRO,1992,1992-12-31,9341,567,0.23,304,3441,-96,-222,109,1992-12-31,201,92,172,12782,2119,3137,-7
MRO,1991,1991-12-31,10031,511,0.21,358,3944,-323,-71,-71,1991-12-31,65,136,179,13975,2248,3586,30
MRO,1990,1990-12-31,10485,536,0.79,1081,4131,-281,508,508,1990-12-31,779,271,229,14616,1935,3050,-21
MRO,1989,1989-12-31,8507,514,0.54,930,3757,-473,425,425,1989-12-31,571,146,165,12264,1778,2827,114
MRO,1988,1988-12-31,6699,524,0,433,3250,-407,53,53,1988-12-31,88,35,191,9949,1643,2817,62
MPC,2019,2019-12-31,110320,664,6.29505,5576,14186,-1198,2637,3255,2019-12-31,4329,1074,,124506,4159,8610,-49
MPC,2018,2018-12-31,86007,526,5.6283,5507,11072,-859,2780,3606,2018-12-31,4568,962,,97079,2778,5565,-80
MPC,2017,2017-12-31,67063,512,3.84085,4018,8296,-598,3432,2304,2017-12-31,3344,1040,,75359,2062,4278,-76
MPC,2016,2016-12-31,57018,530,1.87154,2386,6314,-532,1174,1213,2016-12-31,1822,609,,63332,2032,3928,-32
MPC,2015,2015-12-31,63877,542,5.69981,4687,8374,-288,2852,2868,2015-12-31,4374,1506,,72251,1967,3687,-25
MPC,2014,2014-12-31,91416,574,4.37,4051,6665,-195,2524,2555,2014-12-31,3835,1280,,98081,1765,2614,-21
MPC,2013,2013-12-31,93841,634,3.32,3425,6407,-179,2112,2133,2013-12-31,3246,1113,,100248,1588,2982,
MPC,2012,2012-12-31,74657,684,4.78,5347,7658,-109,3389,3393,2012-12-31,5238,1845,,82315,1493,2311,
MPC,2011,2011-12-31,72778,715,3.32,3745,5919,-10,2389,2389,2011-12-31,3719,1330,,78697,1345,2224,-16
MPC,2010,2010-12-31,59486,712,0.86,1011,3038,19,623,623,2010-12-31,1023,400,,62524,1167,2097,-7
MPC,2009,2009-12-31,43244,712,0.63,654,2361,39,449,449,2009-12-31,685,236,,45605,1071,1737,-8
MPC,2008,2008-12-31,61592,712,1.57,1855,3393,31,1215,1215,2008-12-31,1885,670,,64985,1205,1659,-1
MPC,2007,2007-12-31,,712,,,,,,,2007-12-31,,,,,,,
MPC,2006,2006-12-31,,712,,,,,,,2006-12-31,,,,,,,
MKTX,2019,2019-12-31,26.792,37.956,5.39841,250.882,484.56,8.063,204.902,204.902,2019-12-31,257.424,52.522,,511.352,195.507,233.67800000000003,-1.521
MKTX,2018,2018-12-31,23.866,37.855,4.55559,212.584,411.699,6.112,172.852,172.452,2018-12-31,218.086,45.634,,435.565,168.281,199.115,-0.61
MKTX,2017,2017-12-31,20.048,38.038,4.20077,199.615,373.374,3.619,148.089,159.789,2017-12-31,201.768,41.979,,393.422,148.688,173.759,-1.466
MKTX,2016,2016-12-31,34.45,37.738,3.34337,191.602,335.469,,126.172,126.172,2016-12-31,191.602,65.43,,369.919,126.029,143.86700000000002,
MKTX,2015,2015-12-31,28.959,37.637,2.55166,147.9,274.139,,96.037,96.037,2015-12-31,147.9,51.863,,303.098,107.697,126.239,
MKTX,2014,2014-12-31,32.1,37.9,1.97,118.5,230.7,,74.8,74.8,2014-12-31,118.5,43.7,,262.8,94.8,112.1,
MKTX,2013,2013-12-31,34.3,37.9,1.81,107.3,204.5,,76,68.6,2013-12-31,107.3,38.7,,238.7,83.1,97.2,
MKTX,2012,2012-12-31,24.7,37.8,1.63,89.4,166.2,,60.1,61.8,2012-12-31,89.4,27.6,,190.8,70,76.8,
MKTX,2011,2011-12-31,19.6,39.6,1.25,81.5,152.2,,47.7,49.4,2011-12-31,81.5,32,,171.9,65.6,70.80000000000001,
MKTX,2010,2010-12-31,18.5,39.1,0.8,50.9,126.6,,31.4,31.4,2010-12-31,50.9,19.5,,145,70.5,76.8,
MKTX,2009,2009-12-31,15.3,38.1,0.42,30,97.9,,16.1,16.1,2009-12-31,30,13.9,,113.2,62.3,69.10000000000001,
MKTX,2008,2008-12-31,16.5,35.7,0.22,12.8,73.1,,7.9,7.9,2008-12-31,12.8,4.9,,89.6,55.9,63.8,
MKTX,2007,2007-12-31,15.1,34.5,0.3,17.3,73.3,,10.3,10.3,2007-12-31,17.3,6.9,,88.4,54.1,61.300000000000004,
MKTX,2006,2006-12-31,15.8,35.1,0.15,8.6,62.9,,5.4,5.4,2006-12-31,8.6,3.2,,78.7,52.2,58.900000000000006,
MKTX,2005,2005-12-31,16.8,35.5,0.23,11.6,58.6,,8.1,8.1,2005-12-31,11.6,3.4,,75.4,44.6,50.2,
MKTX,2004,2004-12-31,11.3,36.3,1.32,17.3,63.6,,57.6,57.6,2004-12-31,17.3,-40.3,,74.9,42.5,47.2,
MKTX,2003,2003-12-31,8.9,22.1,-0.33,4.4,49.2,,4.2,4.2,2003-12-31,4.4,0.2,,58.1,38.6,45.2,
MKTX,2002,2002-12-31,8.6,22.1,-2.18,-36.1,9.3,,-36.1,-36.1,2002-12-31,-36.1,0,,18,39.4,46.199999999999996,
MKTX,2001,2001-12-31,18.1,22.1,-2.88,-62.7,-13.7,,-62.7,-62.7,2001-12-31,-62.7,0,,4.5,37.3,51.199999999999996,
MKTX,2000,2000-12-31,7.3,22.1,-0.88,-16.8,-5.6,,-16.8,-16.8,2000-12-31,-16.8,0,,1.7,9.8,11.2,
MAR,2019,2019-12-31,17755,335.5,4.1218,1800,3217,-201,1273,1273,2019-12-31,1599,326,,20972,938,1417,
MAR,2018,2018-12-31,17084,354.2,5.61643,2366,3674,-21,1907,1866,2018-12-31,2345,479,,20758,927,1308,
MAR,2017,2017-12-31,16639,379.9,5.68665,2504,3813,478,1459,2051,2017-12-31,2982,931,,20452,921,1309,
MAR,2016,2016-12-31,12735,295.7,3.58379,1424,2672,-185,808,808,2016-12-31,1239,431,,15407,743,1248,
MAR,2015,2015-12-31,12363,272.8,3.14883,1350,2123,-95,859,859,2015-12-31,1255,396,,14486,634,773,
MAR,2014,2014-12-31,11830,296.8,2.52773,1159,1966,-79,753,753,2014-12-31,1088,335,,13796,659,807,0
MAR,2013,2013-12-31,11070,313,1.99,997,1714,-102,626,626,2013-12-31,897,271,,12784,718,717,
MAR,2012,2012-12-28,10229,333,1.72,940,1585,-91,571,571,2012-12-28,849,278,,11814,645,645,
MAR,2011,2011-12-30,10715,362,0.7,508,1602,-163,198,198,2011-12-30,356,158,,12317,752,1094,
MAR,2010,2010-12-31,10216,378,1.06,706,1475,-189,458,458,2010-12-31,551,93,,11691,669,769,
MAR,2009,2010-01-01,9673,356,0.75,-313,1235,-115,-346,-353,2010-01-01,-418,-65,,10908,622,1548,
MAR,2008,2009-01-02,11256,371,0.99,813,1623,-113,362,344,2009-01-02,694,350,,12879,783,810,-20
MAR,2007,2007-12-28,11034,402,1.69,1216,1956,-131,696,696,2007-12-28,1137,441,,12990,768,740,52
MAR,2006,2006-12-29,10472,435,1.67,1011,1688,7,608,711,2006-12-29,997,286,,12160,683,677,-10
MAR,2005,2005-12-30,10242,467,1.37,555,1308,99,669,623,2005-12-30,717,94,,11550,748,753,29
MAR,2004,2004-12-31,9015,486,1.14,477,1084,88,596,554,2004-12-31,654,100,,10099,604,607,41
MAR,2003,2004-01-02,8114,496,0.93,377,900,97,502,531,2004-01-02,488,-43,,9014,530,523,-7
MAR,2002,2003-01-03,7635,515,0.86,447,806,36,277,439,2003-01-03,471,32,,8441,359,359,-12
MAR,2001,2001-12-28,9456,519,0.61,433,696,-15,236,236,2001-12-28,370,134,,10152,139,263,-48
MAR,2000,2000-12-29,9095,514,0.93,802,922,-45,479,479,2000-12-29,757,278,,10017,120,120,
MAR,1999,1999-12-31,7909,546,0.75,666,830,-24,400,400,1999-12-31,637,237,,8739,164,164,-5
MAR,1998,1999-01-01,7232,552,0.72,626,736,6,390,390,1999-01-01,632,242,,7968,110,110,
MAR,1997,1998-01-02,5650,550,0.59,521,3396,10,324,324,1998-01-02,531,207,,9046,88,2875,
MAR,1996,1997-01-03,4494,551,0.49,435,2773,0,270,270,1997-01-03,435,165,,7267,73,2338,
MAR,1995,1995-12-29,3763,534,0.41,331,2492,30,219,219,1995-12-29,361,142,,6255,59,2161,
MAR,1994,1994-12-30,3431,533,0.3,253,2315,22,162,162,1994-12-30,275,113,,5746,63,2062,
