symbol,year,period,costOfGoodsSold,dilutedAverageSharesOutstanding,dilutedEPS,ebit,grossIncome,interestIncomeExpense,netIncome,netIncomeAfterTaxes,period,pretaxIncome,provisionforIncomeTaxes,researchDevelopment,revenue,sgaExpense,totalOperatingExpense,totalOtherIncomeExpenseNet
MMC,2019,2019-12-31,,511,3.93109,2645,,-471,1742,1773,2019-12-31,2439,666,,16652,9734,14007,265
MMC,2018,2018-12-31,,511,3.21918,2761,,-732,1650,1665,2018-12-31,2244,579,,14950,8605,12189,215
MMC,2017,2017-12-31,,519,3.75723,2655,,-213,1492,1970,2017-12-31,2643,673,,14024,8085,11369,201
MMC,2016,2016-12-31,,524,3.37405,2431,,-184,1768,1795,2016-12-31,2480,685,,13211,7694,10780,233
MMC,2015,2015-12-31,,536,2.98321,2419,,-112,1599,1636,2015-12-31,2307,671,,12893,7334,10474,
MMC,2014,2014-12-31,,553,2.78,2164,,-107,1465,1471,2014-12-31,2057,586,,12951,7515,10787,
MMC,2013,2013-12-31,,558,2.52,2053,,-80,1357,1379,2013-12-31,1973,594,,12261,7226,10208,
MMC,2012,2012-12-31,,552,2.13,1829,,-133,1176,1204,2012-12-31,1696,492,,11924,7134,10095,
MMC,2011,2011-12-31,,551,1.91,1566,,-162,993,982,2011-12-31,1404,422,,11526,6969,9960,
MMC,2010,2010-12-31,,544,2.36,939,,-170,855,565,2010-12-31,769,204,,10550,6465,9611,
MMC,2009,2009-12-31,,524,1.7,509,,-226,227,242,2009-12-31,283,41,,10493,6484,9984,
MMC,2008,2008-12-31,,514,0.97,263,,-184,-73,-58,2008-12-31,79,137,,11587,7207,11324,
MMC,2007,2007-12-31,,546,1.1,1019,,-172,2475,552,2007-12-31,847,295,,11187,7030,10331,
MMC,2006,2006-12-31,,557,1.47,1458,,-239,990,831,2006-12-31,1219,388,,11699,7113,10463,
MMC,2005,2005-12-31,,543,0.73,856,,-285,404,379,2005-12-31,571,192,,11469,6945,10796,
MMC,2004,2004-12-31,,535,1.1,648,,-198,176,191,2004-12-31,450,259,,11959,6714,11511,
MMC,2003,2003-12-31,,548,2.81,2496,,-161,1540,1565,2003-12-31,2335,770,,11488,5926,9092,
MMC,2002,2002-12-31,,557,2.45,2274,,-141,1365,1386,2002-12-31,2133,747,,10373,5199,8166,
MMC,2001,2001-12-31,,572,1.7,1763,,-173,974,991,2001-12-31,1590,599,,9943,,8180,
MMC,2000,2000-12-31,,568,2.05,2179,,-224,1181,1202,2000-12-31,1955,753,,10157,,7978,
MMC,1999,1999-12-31,,544,1.31,1459,,-212,726,726,1999-12-31,1247,521,,9157,,7698,
MMC,1998,1998-12-31,,528,1.49,1420,,-115,796,796,1998-12-31,1305,509,,7190,,5770,
MMC,1997,1997-12-31,,502,0.8,745,,-82,399,399,1997-12-31,662,263,,6009,,5264,
MMC,1996,1996-12-31,,442,1.04,715,,-47,459,459,1996-12-31,668,209,,4149,,3434,
MMC,1995,1995-12-31,,442,0.91,695,,-45,403,403,1995-12-31,650,247,,3770,,3075,
MMC,1994,1994-12-31,,442,0.87,670,,-39,372,382,1994-12-31,632,250,,3435,,2765,
MMC,1993,1993-12-31,,441,0.75,593,,-34,332,332,1993-12-31,559,226,,3163,,2571,
MMC,1992,1992-12-31,,433,0.7,541,,-22,264,304,1992-12-31,519,216,,2937,,2396,0
MMC,1991,1991-12-31,,439,0.7,498,,-14,306,306,1991-12-31,527,221,,2779,,2281,43
MMC,1990,1990-12-31,,440,0.69,527,,3,304,304,1990-12-31,529,225,,2723,,2196,-1
MMC,1989,1989-12-31,,431,0.68,510,,8,295,295,1989-12-31,517,222,,2428,,1918,
MMC,1988,1988-12-31,,434,0.68,515,,1,296,296,1988-12-31,516,220,,2272,,1757,
MMC,1987,1987-12-31,,446,0.68,550,,17,302,302,1987-12-31,567,265,,2147,,1597,
MMC,1986,1986-12-31,,443,0.55,481,,21,243,243,1986-12-31,501,258,,1804,,1324,
MMC,1985,1985-12-31,,438,0.37,313,,16,163,163,1985-12-31,330,167,,1368,,1054,
MMC,1984,1984-12-31,,435,0.14,224,,-88,59,59,1984-12-31,136,78,,1112,,888,
MMC,1983,1983-12-31,,425,0.22,203,,-19,94,94,1983-12-31,183,90,,972,,769,
MLM,2019,2019-12-31,3560.1,62.7,9.75134,884.9,1179,-129.3,611.9,612,2019-12-31,748.3,136.3,,4739.1,302.7,294.0999999999999,-7.3
MLM,2018,2018-12-31,3277.688,63.147,7.60444,690.737,966.577,-137.069,469.998,470.376,2018-12-31,576.081,105.705,,4244.265,280.554,275.8399999999997,22.413
MLM,2017,2017-12-31,2993.654,63.217,7.26968,700.381,971.94,-91.487,713.342,455.285,2017-12-31,618.928,163.643,,3965.594,262.128,271.5590000000002,10.034
MLM,2016,2016-12-31,2909.783,63.861,6.6518,667.321,908.966,-81.677,425.386,425.444,2016-12-31,607.028,181.584,,3818.749,248.005,241.64499999999998,21.384
MLM,2015,2015-12-31,2817.803,67.02,4.37854,479.416,721.767,-76.287,288.792,288.938,2015-12-31,413.801,124.863,,3539.57,218.234,242.3510000000001,10.672
MLM,2014,2014-12-31,2435.591,57.088,3.18028,314.873,522.36,-66.057,155.601,154.331,2014-12-31,249.178,94.847,,2957.951,169.245,207.48700000000008,0.362
MLM,2013,2013-12-31,1791.6,46.3,2.64,218,364,-53.5,121.3,120.2,2013-12-31,164.2,44,,2155.6,150.1,146,-0.3
MLM,2012,2012-12-31,1711.8,46,2.47,155,325.9,-53.3,84.5,86,2012-12-31,102.9,17,,2037.7,138.4,170.9000000000001,1.3
MLM,2011,2011-12-31,1411.8,45.8,1.77,161,302,-58.6,82.4,79.6,2011-12-31,100.6,21,18.6,1713.8,119.7,141,-1.8
MLM,2010,2010-12-31,1460.9,45.7,2.1,196.4,322,-68.5,97,98.5,2010-12-31,127.7,29.2,0.2,1782.9,133.2,125.59999999999991,-0.2
MLM,2009,2009-12-31,1364.9,44.2,1.96,187.6,337.7,-73.5,85.5,87.9,2009-12-31,115.3,27.4,0.4,1702.6,139.4,150.0999999999999,1.1
MLM,2008,2008-12-31,1649.7,42,4.09,323.3,470.4,-74.3,176.3,171.5,2008-12-31,243.3,71.8,0.6,2120.1,151.3,147.0999999999999,-5.7
MLM,2007,2007-12-31,1636.2,43.3,6.06,433,571,-60.9,262.7,262.5,2007-12-31,378.6,116.1,0.9,2207.1,155.2,137.89999999999986,6.4
MLM,2006,2006-12-31,1683.9,46.4,5.26,388,522.5,-40.4,245.4,243.8,2006-12-31,350.4,106.6,0.7,2206.4,146.7,134.5,2.8
MLM,2005,2005-12-31,1580.4,47.3,4.14,308.7,423.8,-42.6,192.7,195.5,2005-12-31,268,72.5,0.7,2004.2,130.7,115.09999999999991,1.9
MLM,2004,2004-12-31,1417.4,48.5,2.64,226.6,342.2,-43,129.2,128.2,2004-12-31,184.7,56.5,0.9,1759.6,127.7,115.59999999999991,1.1
MLM,2003,2003-12-31,1411.7,49.1,2.06,185.1,299.8,-42.6,93.6,101.1,2003-12-31,142.1,41,0.6,1711.5,121.4,114.59999999999991,-0.4
MLM,2002,2002-12-31,1401.5,48.9,2,174.7,290.9,-44,86.3,97.8,2002-12-31,144.3,46.5,0.4,1692.4,115.8,116.20000000000005,13.6
MLM,2001,2001-12-31,1414.3,48.1,2.19,197.2,303.8,-46.8,105.4,105.4,2001-12-31,158.4,53.1,0.6,1718.1,105.9,106.5,8
MLM,2000,2000-12-31,1213.9,46.9,2.39,202.5,303.6,-41.9,112,112,2000-12-31,168.8,56.8,2.3,1517.5,98.8,101.09999999999991,8.2
MLM,1999,1999-12-31,948.1,46.9,2.68,215.3,310.7,-39.4,125.8,125.8,1999-12-31,194.3,68.5,2.8,1258.8,92.6,95.39999999999998,18.4
MLM,1998,1998-12-31,776,46.7,2.48,196.6,281.6,-23.8,115.6,115.6,1998-12-31,174.1,58.5,3.1,1057.7,82,85.10000000000002,1.3
MLM,1997,1997-12-31,665.6,46.2,2.13,162.8,235.3,-16.9,98.5,98.5,1997-12-31,151.2,52.7,3.4,900.9,69.1,72.5,5.3
MLM,1996,1996-12-31,539.4,46.1,1.71,120.7,182.5,-10.1,78.6,78.6,1996-12-31,119,40.3,1.9,721.9,59.9,61.89999999999998,8.4
MLM,1995,1995-12-31,497.2,46.1,1.47,107.6,167.2,-9.7,67.6,67.6,1995-12-31,103.8,36.2,1.9,664.4,57.7,59.599999999999966,6
MLM,1994,1994-12-31,362.5,45,1.3,91.9,139.1,-6.9,53.7,58.3,1994-12-31,90.4,32.1,2,501.7,45.3,47.30000000000001,5.4
MLM,1993,1993-12-31,331.6,45,1.07,76.4,121.3,-3.2,30.5,48,1993-12-31,74.1,26.1,2.3,452.9,42.7,44.89999999999998,0.9
MLM,1992,1992-12-31,309.9,45,0.87,55.1,98.4,-1,39,39,1992-12-31,56.5,17.6,2.3,408.3,41,43.30000000000001,2.5
MLM,1991,1991-12-31,276.7,45,0.83,55.4,95,-0.8,37.4,37.4,1991-12-31,54.3,16.9,2.1,371.7,37.5,39.60000000000002,-0.3
MLM,1990,1990-12-31,289.8,45,1.1,69,108,-0.6,49.4,49.4,1990-12-31,72.6,23.2,2.2,397.8,36.8,38.89999999999998,4.2
MLM,1989,1989-12-31,267.7,45,1.24,79.6,116.3,-0.4,55.9,55.9,1989-12-31,83.4,27.5,1.2,384.1,35.5,36.80000000000001,4.3
MAS,2019,2019-12-31,4336,288,2.25508,1088,2371,-153,935,684,2019-12-31,914,230,,6707,1274,1283,-21
MAS,2018,2018-12-31,4327,307,2.07429,1077,2327,-155,733,686,2018-12-31,907,221,,6654,1250,1250,-15
MAS,2017,2017-12-31,3794,318,1.30754,1014,2220,-271,532,456,2017-12-31,718,262,,6014,1191,1206,-25
MAS,2016,2016-12-31,4899,330,1.51871,1087,2462,-218,493,536,2016-12-31,832,296,,7361,1350,1375,-37
MAS,2015,2015-12-31,4889,341,1.05248,914,2253,-228,355,396,2015-12-31,689,293,,7142,1307,1339,3
MAS,2014,2014-12-31,6134,352,2.44,788,2387,-213,856,908,2014-12-31,575,-333,,8521,1578,1599,
MAS,2013,2013-12-31,5918,352,0.89,673,2255,-239,272,323,2013-12-31,434,111,,8173,1582,1582,
MAS,2012,2012-12-31,5794,349,0.13,269,1951,-227,-114,-41,2012-12-31,42,83,,7745,1561,1682,
MAS,2011,2011-12-31,5683,348,-0.18,-295,1784,-177,-575,-423,2011-12-31,-472,-49,,7467,1585,2079,
MAS,2010,2010-12-31,5752,349,-1.59,-533,1840,-244,-1043,-1002,2010-12-31,-777,225,,7592,1618,2373,
MAS,2009,2009-12-31,5774,351,0.11,45,2018,-196,-183,-102,2009-12-31,-151,-49,,7792,1701,1973,
MAS,2008,2008-12-31,7224,353,-0.12,16,2376,-203,-391,-343,2008-12-31,-211,132,,9600,1835,2360,-24
MAS,2007,2007-12-31,8559,373,1.44,937,3211,-160,386,434,2007-12-31,770,336,,11770,2025,2274,-7
MAS,2006,2006-12-31,9259,400,1.74,1025,3519,-136,488,488,2006-12-31,900,412,,12778,2063,2494,11
MAS,2005,2005-12-31,9033,430,2.19,1532,3609,-115,940,894,2005-12-31,1412,518,,12642,1969,2077,-5
MAS,2004,2004-12-31,8356,456,2.26,1548,3718,-55,893,949,2004-12-31,1518,569,,12074,2011,2170,25
MAS,2003,2003-12-31,7586,491,1.63,1398,3350,-181,806,753,2003-12-31,1216,463,,10936,1856,1952,-1
MAS,2002,2002-12-31,6451,514,1.53,1307,2969,-248,590,682,2002-12-31,1031,349,,9419,1507,1661,-28
MAS,2001,2001-12-31,5807,475,1.35,510,2551,-198,199,199,2001-12-31,301,102,,8358,1418,2041,-11
MAS,2000,2000-12-31,4898,452,1.59,967,2345,-76,592,592,2000-12-31,893,302,,7243,1222,1378,3
MAS,1999,1999-12-31,3996,446,1.38,911,2311,-35,570,570,1999-12-31,904,335,,6307,1355,1400,27
MAS,1998,1998-12-31,2794,344,1.47,681,1551,12,476,476,1998-12-31,755,279,,4345,842,871,63
MAS,1997,1997-12-31,2378,338,1.21,587,1382,39,382,382,1997-12-31,631,249,,3760,776,795,5
MAS,1996,1996-12-31,2048,331,0.95,481,1189,41,295,295,1996-12-31,503,208,,3237,696,709,-19
MAS,1995,1995-12-31,1846,321,0.66,402,1081,-39,-442,200,1995-12-31,352,152,,2927,668,679,-11
MAS,1994,1994-12-31,3002,314,0.62,510,1466,-206,194,194,1994-12-31,323,129,,4468,957,956,19
MAS,1993,1993-12-31,2622,305,0.73,404,1264,-71,221,221,1993-12-31,363,142,,3886,861,860,30
MAS,1992,1992-12-31,2381,303,0.6,359,1144,-101,183,183,1992-12-31,305,122,,3525,785,785,47
MAS,1991,1991-12-31,2206,300,0.15,248,935,-127,45,45,1991-12-31,98,53,,3141,686,687,-24
MAS,1990,1990-12-31,2210,305,0.45,363,999,-126,139,139,1990-12-31,236,97,,3209,637,636,-1
MAS,1989,1989-12-31,2175,311,0.71,405,976,-113,221,221,1989-12-31,327,106,,3151,571,571,35
MAS,1988,1988-12-31,1948,312,1.02,440,962,-103,318,318,1988-12-31,457,139,,2911,522,522,119
MAS,1987,1987-12-31,1483,299,0.8,381,778,-79,240,240,1987-12-31,358,118,,2260,397,397,56
MA,2019,2019-12-31,,1022,7.91683,9664,,40,8118,8091,2019-12-31,9731,1640,,16883,6626,7219,27
MA,2018,2018-12-31,,1047,6.38936,7282,,-64,5859,5784,2018-12-31,7204,1420,,14950,6170,7668,-14
MA,2017,2017-12-31,,1072,4.59106,6622,,-98,3915,4788,2017-12-31,6522,1734,,12497,5243,5875,-2
MA,2016,2016-12-31,,1101,3.76305,5761,,-52,4059,4059,2016-12-31,5646,1587,,10776,4485,5015,-63
MA,2015,2015-12-31,,1137,3.39037,5078,,-36,3808,3808,2015-12-31,4958,1150,,9667,4295,4589,-84
MA,2014,2014-12-31,,1169,3.15,5106,,-20,3617,3617,2014-12-31,5079,1462,,9473,3911,4367,-7
MA,2013,2013-12-31,,1215,2.63,4503,,24,3116,3116,2013-12-31,4500,1384,,8346,3512,3843,-27
MA,2012,2012-12-31,,1260,2.2,3937,,17,2759,2758,2012-12-31,3932,1174,,7391,3177,3454,-22
MA,2011,2011-12-31,,1280,1.91,2713,,27,1906,1904,2011-12-31,2746,842,,6714,3050,4001,6
MA,2010,2010-12-31,,1310,1.41,2752,,5,1846,1847,2010-12-31,2757,910,,5539,2634,2787,0
MA,2009,2009-12-31,,1302,1.12,2260,,-57,1463,1463,2009-12-31,2218,755,,5099,2690,2839,15
MA,2008,2008-12-31,,1301,1.05,-546,,90,-254,-254,2008-12-31,-383,-129,,4992,2931,5537,72
MA,2007,2007-12-31,,1357,0.81,1099,,482,1086,1086,2007-12-31,1671,586,,4068,2838,2968,90
MA,2006,2006-12-31,,1358,0.05,229,,64,50,50,2006-12-31,294,244,,3326,2557,3097,1
MA,2005,2005-12-31,,1350,0.23,393,,-9,267,267,2005-12-31,407,141,,2938,2359,2544,23
MA,2004,2004-12-31,,1350,0.19,347,,-21,238,238,2004-12-31,324,86,,2593,2102,2247,-2
MA,2003,2003-12-31,,1000,0.11,-602,,-6,-386,-391,2003-12-31,-612,-221,,2231,1950,2833,-3
MA,2002,2002-12-31,,862,0.14,142,,15,116,117,2002-12-31,158,42,,1892,1659,1750,2
MA,2001,2001-12-31,,717,0.2,222,,13,142,138,2001-12-31,229,91,,1611,1320,1390,-6
MA,2000,2000-12-31,,717,0.16,178,,21,118,111,2000-12-31,193,82,,1445,1208,1267,-6
MXIM,2020,2020-06-27,758.743,272.028,2.42575,686.394,1432.652,-5.577,654.694,654.694,2020-06-27,678.096,23.402,440.166,2191.395,296.722,746.2579999999999,-2.721
MXIM,2019,2019-06-29,813.823,278.777,3.06243,747.098,1500.506,4.301,827.486,849.586,2019-06-29,754.421,-95.165,435.222,2314.329,308.617,753.408,3.022
MXIM,2018,2018-06-30,853.945,285.674,2.56167,833.448,1626.121,-11.923,467.318,717.918,2018-06-30,824.885,106.967,450.943,2480.066,322.918,792.6729999999999,3.36
MXIM,2017,2017-06-24,849.135,287.974,2.04328,694.777,1446.48,-34.3,571.613,571.613,2017-06-24,679.589,107.976,453.977,2295.615,291.511,751.703,19.112
MXIM,2016,2016-06-25,950.331,289.479,1.37206,313.849,1244.388,-32.7,227.475,227.475,2016-06-25,285.054,57.579,467.161,2194.719,288.899,930.5389999999999,3.905
MXIM,2015,2015-06-27,1034.997,288.949,1.26543,237.28,1271.867,-32.5,206.038,206.038,2015-06-27,246.17,40.132,521.772,2306.864,308.065,1034.5869999999998,41.39
MXIM,2014,2014-06-28,1068.9,289.1,1.36,422.3,1384.8,-24.7,354.8,354.8,2014-06-28,409.2,54.4,558.2,2453.7,324.7,962.5,11.6
MXIM,2013,2013-06-29,944.9,298.6,1.59,588.3,1496.6,-15.1,454.9,452.3,2013-06-29,570.3,118,534.8,2441.5,324.3,908.1999999999999,-2.9
MXIM,2012,2012-06-30,950.9,300,1.53,534.8,1452.7,-2.1,386.7,354.9,2012-06-30,532.7,177.8,552.4,2403.5,321.3,917.8000000000001,-11.2
MXIM,2011,2011-06-25,936.7,303.4,1.71,673,1535.6,-11.4,489,489,2011-06-25,661.7,172.7,525.3,2472.3,292.5,862.5999999999999,19.1
MXIM,2010,2010-06-26,804.5,310,0.63,292.1,1193.1,8,125.1,125.1,2010-06-26,300.1,174.9,474.7,1997.6,242.1,901.0999999999999,9.6
MXIM,2009,2009-06-27,797.1,311.5,0.21,17.4,848.9,17.2,10.5,10.5,2009-06-27,34.6,24.2,521.6,1646,203.8,831.4999999999999,23
MXIM,2008,2008-06-28,814.4,325.8,0.98,426.1,1238.4,56.7,317.7,317.7,2008-06-28,482.8,165.1,577.7,2052.8,234.6,812.3000000000001,
MXIM,2007,2007-06-30,792.7,329.9,0.87,352.4,1216.4,61.3,286.2,286.2,2007-06-30,413.7,127.5,659.5,2009.1,204.5,864,
MXIM,2006,2006-06-24,638.5,337.2,0.34,255.5,948.4,46.4,116.1,116.1,2006-06-24,301.9,185.8,514.1,1586.9,178.8,692.9000000000001,
MXIM,2005,2005-06-25,463.7,342.8,1.58,781.4,1208,28.3,540.8,540.8,2005-06-25,809.6,268.8,328.2,1671.7,98.5,426.59999999999997,
MXIM,2004,2004-06-26,433.4,350.6,1.2,606,1005.9,20.5,419.8,419.8,2004-06-26,626.5,206.7,306.3,1439.3,93.6,399.80000000000007,
MXIM,2003,2003-06-28,348.3,341.3,0.91,447,805,15.1,309.6,309.6,2003-06-28,462.1,152.5,272.3,1153.2,85.6,357.90000000000003,
MXIM,2002,2002-06-29,312.2,355.8,0.73,345.4,712.9,41.5,259.2,259.2,2002-06-29,386.8,127.7,275.5,1025.1,92,367.59999999999997,
MXIM,2001,2001-06-30,537.1,361.6,1.23,445.2,1039.5,59.8,334.9,334.9,2001-06-30,505,170,280.2,1576.6,150.6,594.3000000000001,
MXIM,2000,2000-06-24,260.2,317.8,0.88,385.4,604.8,39.8,280.6,280.6,2000-06-24,425.2,144.6,142.3,864.9,77.1,219.3,
MXIM,1999,1999-06-26,189.7,304.1,0.64,276.8,417.3,20.4,196.1,196.1,1999-06-26,297.2,101,88.2,607,52.3,140.5,
MXIM,1998,1998-06-27,183.7,301.3,0.59,255,376.5,14.9,178.1,178.1,1998-06-27,269.9,91.8,72.2,560.2,49.3,121.5,
MXIM,1997,1997-06-30,145.3,291.5,0.47,198.9,288.4,8.6,137,137,1997-06-30,207.5,70.6,51.3,433.7,38.2,89.5,
MXIM,1996,1996-06-30,146.3,283.7,0.43,185.9,275.4,4.6,123.3,123.3,1996-06-30,190.5,67.1,47.5,421.6,42,89.39999999999998,
MXIM,1995,1995-06-30,103.6,266,0.15,57.2,147.2,2.6,38.9,38.9,1995-06-30,59.9,20.9,42.4,250.8,47.6,90,
MXIM,1994,1994-06-30,64.3,254.5,0.09,35.6,89.7,2.1,24.1,24.1,1994-06-30,37.6,13.5,22.6,153.9,31.5,54.10000000000001,
MXIM,1993,1993-06-30,46.8,240.2,0.07,25.4,63.3,1.1,17.3,17.3,1993-06-30,26.6,9.3,16.4,110.2,21.5,37.900000000000006,
MXIM,1992,1992-06-30,37.8,232.6,0.06,20.5,49.1,0.6,13.7,13.7,1992-06-30,21,7.4,13.1,87,15.5,28.700000000000003,
MXIM,1991,1991-06-30,35.1,218.2,0.05,16,38.7,-0.4,10.1,10.1,1991-06-30,15.6,5.5,11,73.8,11.7,22.699999999999996,
MXIM,1990,1990-06-30,27.7,208.5,0.04,10.7,28.2,-0.5,7.6,7.6,1990-06-30,10.2,2.6,8.6,56,9,17.599999999999998,
MXIM,1989,1989-06-30,19.9,199.8,0.03,8.9,22.2,-0.3,5.5,5.5,1989-06-30,8.6,3.2,6.4,42.1,6.9,13.200000000000003,
MXIM,1988,1988-06-30,14.2,188.4,0.02,5,14.1,-0.6,3.5,2.9,1988-06-30,4.4,1.4,4.5,28.3,4.6,9.100000000000001,
MXIM,1987,1987-06-30,9.1,186,0,1.1,6.9,-0.3,0.7,0.4,1987-06-30,0.8,0.4,2.3,16,3.5,5.800000000000001,
MXIM,1986,1986-06-30,5.4,39.1,-0.04,-1.4,3.2,-0.2,-1.6,-1.6,1986-06-30,-1.6,0,2.2,8.6,2.4,4.6,
MKC,2019,2019-11-30,3202.1,134.1,5.35396,957.7,2145.3,-155.8,702.7,660.3,2019-11-30,819.2,158.9,67.3,5347.4,1099.5,1187.6,17.3
MKC,2018,2018-11-30,3209.5,133.2,4.97862,891.1,2093.3,-167.7,933.4,597.1,2018-11-30,741.3,144.2,69.4,5302.8,1094,1202.1999999999998,17.9
MKC,2017,2017-11-30,2936.3,128.4,4.08391,699.8,1794,-91.3,477.4,443.5,2017-11-30,594.8,151.3,66.1,4730.3,965.1,1094.1999999999998,-13.7
MKC,2016,2016-11-30,2579.8,128,3.87608,641,1831.7,-56,472.3,436.2,2016-11-30,589.2,153,61,4411.5,1108.5,1190.6999999999998,4.2
MKC,2015,2015-11-30,2559,129.2,3.57616,548.4,1737.3,-53.3,401.6,364.9,2015-11-30,496.2,131.3,60.8,4296.3,1063,1188.9,1.1
MKC,2014,2014-11-30,2513,131,3.43,603,1730.2,-49.7,437.9,408.5,2014-11-30,554.4,145.9,62,4243.2,1060,1127.1999999999998,1.1
MKC,2013,2013-11-30,2457.6,133.6,3.16,550.5,1665.8,-53.3,389,365.8,2013-11-30,499.4,133.6,61.3,4123.4,1009.4,1115.3000000000002,2.2
MKC,2012,2012-11-30,2396.4,134.3,3.05,578.3,1617.8,-54.6,407.8,386.3,2012-11-30,526.1,139.8,,4014.2,1037.8,1039.5,2.4
MKC,2011,2011-11-30,2175.1,134.3,2.84,540.3,1522.5,-51.2,374.2,348.8,2011-11-30,491.4,142.6,,3697.6,971.3,982.2000000000003,2.3
MKC,2010,2010-11-30,1919.1,134.7,2.75,509.8,1417.7,-49.3,370.2,344.7,2010-11-30,462.7,118,,3336.8,907.8,907.9000000000001,2.2
MKC,2009,2009-11-30,1864.9,132.3,2.43,466.9,1327.2,-52.8,299.8,283.5,2009-11-30,416.5,133,,3192.1,846.6,860.2999999999997,2.4
MKC,2008,2008-11-30,1888.4,131.8,2.33,376.5,1288.2,-56.7,255.8,237.2,2008-11-30,337.8,100.6,,3176.6,870.6,911.6999999999998,18
MKC,2007,2007-11-30,1724.4,132.7,2.07,354.2,1191.8,-60.6,230,210.1,2007-11-30,302.4,92.2,,2916.2,806.9,837.5999999999999,8.8
MKC,2006,2006-11-30,1601.8,135,2.32,269.6,1114.6,-53.7,202.2,158.3,2006-11-30,223,64.7,,2716.4,772.6,845.0000000000002,7.1
MKC,2005,2005-11-30,1555.4,138.1,1.66,343.5,1036.6,-48.2,214.9,199,2005-11-30,295.7,96.7,,2592,681.9,693.0999999999999,0.4
MKC,2004,2004-11-30,1518.3,141.3,1.51,332.7,1007.9,-41,214.5,204.8,2004-11-30,293.8,89,,2526.2,677.7,675.2,2.1
MKC,2003,2003-11-30,1371,142.6,1.42,295.5,898.6,-38.6,210.8,186.6,2003-11-30,270,83.4,,2269.6,597.6,603.0999999999999,13.1
MKC,2002,2002-11-30,1463.4,142.3,1.3,277.7,856.6,-43.6,179.8,160.5,2002-11-30,234.8,74.3,,2320,570.9,578.8999999999999,0.7
MKC,2001,2001-11-30,1401,140.2,1.18,240.6,971.3,-52.9,146.6,127.5,2001-11-30,190.4,62.9,,2372.3,719.9,730.6999999999998,2.7
MKC,2000,2000-11-30,1318.7,139.2,0.99,225,804.8,-39.7,137.5,119.4,2000-11-30,186,66.6,,2123.5,578.7,579.8,0.7
MKC,1999,1999-11-30,1289.7,144,0.79,176.9,717.2,-32.4,103.3,89.9,1999-11-30,150,60.1,,2006.9,522.3,540.3,5.5
MKC,1998,1998-11-30,1232.2,147.6,0.71,182.8,648.9,-36.9,103.8,97.6,1998-11-30,152.5,54.9,,1881.1,463.8,466.0999999999999,6.6
MKC,1997,1997-11-30,1172.3,151.8,0.63,170.8,628.6,-36.3,98.4,89.7,1997-11-30,142.3,52.7,,1801,461,457.79999999999995,7.8
MKC,1996,1996-11-30,1128,161.4,0.49,93.3,604.5,-33.8,41.9,37.9,1996-11-30,61.7,23.9,,1732.5,453.1,511.20000000000005,2.3
MKC,1995,1995-11-30,1211.5,162.7,0.58,205,647.2,-55.3,97.5,95.5,1995-11-30,149.2,53.7,,1858.7,446.1,442.20000000000005,-0.5
MKC,1994,1994-11-30,1066.6,162.5,0.64,128.2,628.2,-38.7,61.2,53.2,1994-11-30,87,33.8,,1694.8,429.5,499.9000000000001,-2.6
MKC,1993,1993-11-30,953.4,163.6,0.61,180.5,603.2,-31.1,73.1,89.4,1993-11-30,149.9,60.5,,1556.6,422.7,422.69999999999993,0.5
MKC,1992,1992-11-30,887.4,163.8,0.58,167.2,584,-30.9,95.2,85.3,1992-11-30,138.3,53,,1471.4,416.8,416.80000000000007,2
MKC,1991,1991-11-30,886.5,164.8,0.49,145.6,541.4,-27.5,80.9,72.1,1991-11-30,114.9,42.8,,1427.9,395.8,395.79999999999995,-3.2
MKC,1990,1990-11-30,838.2,167.4,0.41,127.1,484.8,-29.3,69.4,65.7,1990-11-30,104.3,38.6,,1323,357.7,357.70000000000005,6.5
MKC,1989,1989-11-30,805.9,175.5,0.3,102,440.2,-32.9,135.5,49,1989-11-30,78.5,29.5,,1246.1,338.2,338.19999999999993,9.5
MKC,1988,1988-11-30,812.6,186.1,0.19,94.8,407.7,-35.9,42.7,35.9,1988-11-30,63.8,27.8,,1220.4,312.9,312.9999999999999,4.8
MKC,1987,1987-11-30,710.2,188.8,0.16,63.1,368.3,-30.9,30.6,22.3,1987-11-30,40.6,18.3,,1078.5,305.2,305.19999999999993,8.4
MKC,1986,1986-11-30,637.4,193.7,0.15,66.9,338.3,-19.1,29.7,22,1986-11-30,43.4,21.5,,975.7,271.4,271.4,-4.4
MKC,1985,1985-11-30,564.6,196,0.14,60.6,308.5,-19.6,27.8,21.1,1985-11-30,39.3,18.1,,873,247.9,247.89999999999998,-1.7
MKC,1984,1984-11-30,503,198.4,0.28,65.2,285.3,-13,54.6,26.8,1984-11-30,51.6,24.8,,788.4,220.2,220.20000000000005,-0.5
MKC,1983,1983-11-30,464.3,199.4,0.2,66.7,278.9,-10.9,40.1,26.4,1983-11-30,52.1,25.7,,743.2,212.2,212.09999999999997,-3.7
MCD,2019,2019-12-31,9961.2,764.9,7.90911,9069.8,11115.3,-1036.9,6025.4,6072.4,2019-12-31,8018.1,1945.7,,21076.5,2301.2,2045.5,-14.8
MCD,2018,2018-12-31,10239.2,785.6,7.55324,8822.6,10786,-982.2,5924.3,5999.3,2018-12-31,7816.1,1816.8,,21025.2,2200.6,1963.3999999999996,-24.3
MCD,2017,2017-12-31,12199.6,815.5,6.3999,9552.7,10620.8,-940.3,5192.3,5892.3,2017-12-31,8573.5,2681.2,,22820.4,2324,1068.1000000000004,-38.9
MCD,2016,2016-12-31,14417.2,861.2,5.54526,7744.5,10204.7,-856.8,4686.5,4686.5,2016-12-31,6866,2179.5,,24621.9,2410.5,2460.2000000000007,-21.7
MCD,2015,2015-12-31,15623.8,944.6,4.84073,7145.5,9789.2,-573.3,4529.3,4529.3,2015-12-31,6555.7,2026.4,,25413,2473.2,2643.7000000000007,-16.5
MCD,2014,2014-12-31,16986,986,4.83,7949,10456,-571,4758,4758,2014-12-31,7372,2614,,27441,2511,2506,-7
MCD,2013,2013-12-31,17203,1006,5.44,8764,10903,-515,5586,5586,2013-12-31,8205,2619,,28106,2407,2138,-45
MCD,2012,2012-12-31,16751,1020,5.29,8605,10816,-498,5465,5465,2012-12-31,8079,2614,,27567,2439,2211,-28
MCD,2011,2011-12-31,16319,1045,5.23,8530,10687,-463,5503,5503,2011-12-31,8012,2509,,27006,2394,2157,-55
MCD,2010,2010-12-31,14437,1080,4.58,7473,9637,-429,4946,4946,2010-12-31,7000,2054,,24075,2333,2165,-44
MCD,2009,2009-12-31,13953,1107,4.04,6841,8792,-327,4551,4551,2009-12-31,6487,1936,,22745,2234,1951,-27
MCD,2008,2008-12-31,14883,1146,3.73,6443,8639,-273,4313,4313,2008-12-31,6158,1845,,23522,2356,2197,-12
MCD,2007,2007-12-31,14881,1212,2.88,3879,7905,-287,2395,2335,2007-12-31,3572,1237,,22787,2367,4027,-20
MCD,2006,2006-12-31,14602,1252,2.45,4445,6984,-402,3544,2873,2006-12-31,4166,1293,,21586,2338,2539,123
MCD,2005,2005-12-31,14136,1274,2,4022,6324,-356,2602,2602,2005-12-31,3702,1099,,20460,2221,2303,36
MCD,2004,2004-12-31,13103,1274,1.93,3541,5962,-309,2279,2279,2004-12-31,3202,924,,19065,1980,2421,-29
MCD,2003,2003-12-31,11944,1277,1.37,2821,5197,-388,1471,1508,2003-12-31,2346,838,,17141,1833,2375,-87
MCD,2002,2002-12-31,10747,1282,1.13,2113,4659,-374,894,992,2002-12-31,1662,670,,15406,1809,2546,-77
MCD,2001,2001-12-31,10254,1309,1.4,2685,4616,-452,1637,1637,2001-12-31,2330,693,,14870,1717,1931,97
MCD,2000,2000-12-31,9522,1357,1.41,3330,4721,-430,1977,1977,2000-12-31,2882,905,,14243,1599,1391,-18
MCD,1999,1999-12-31,8567,1404,1.39,3320,4692,-396,1948,1948,1999-12-31,2884,936,,13259,1478,1373,-39
MCD,1998,1998-12-31,7940,1406,1.26,2762,4482,-414,1550,1550,1998-12-31,2307,757,,12421,1459,1720,-41
MCD,1997,1997-12-31,7264,1410,1.13,2808,4145,-364,1643,1643,1997-12-31,2407,765,,11409,1451,1337,-37
MCD,1996,1996-12-31,6733,1433,1.09,2633,3953,-343,1573,1573,1996-12-31,2251,678,,10687,1366,1321,-39
MCD,1995,1995-12-31,6063,1444,0.95,2601,3732,-340,1427,1427,1995-12-31,2169,742,,9795,1236,1130,-92
MCD,1994,1994-12-31,5081,1445,0.82,2241,3240,-306,1224,1224,1994-12-31,1887,662,,8321,1083,999,-49
MCD,1993,1993-12-31,4545,1467,0.71,1984,2863,-316,1083,1083,1993-12-31,1676,593,,7408,941,879,8
MCD,1992,1992-12-31,4475,1496,0.63,1862,2658,-374,959,959,1992-12-31,1448,490,,7133,861,797,-40
MCD,1991,1991-12-31,4336,1480,0.57,1679,2359,-391,860,860,1991-12-31,1299,440,,6695,795,681,12
MCD,1990,1990-12-31,4415,1472,0.54,1596,2225,-381,802,802,1990-12-31,1246,444,,6640,724,629,32
MCD,1989,1989-12-31,4018,1512,0.48,1438,2047,-302,727,727,1989-12-31,1157,431,,6066,656,610,21
MCD,1988,1988-12-31,3670,1524,0.42,1288,1851,-237,646,646,1988-12-31,1047,401,,5521,606,563,-4
MCD,1987,1987-12-31,2510,1540,0.36,1162,2384,-203,596,549,1987-12-31,959,410,,4894,525,1222,0
MCD,1986,1986-12-31,2163,1566,0.31,1021,2077,-173,480,480,1986-12-31,848,368,,4240,471,1056,0
MCD,1985,1985-12-31,1911,1547,0.28,923,1849,-141,433,433,1985-12-31,782,349,,3761,419,927,0
MCD,1984,1984-12-31,1747,1584,0.24,830,1668,-122,389,389,1984-12-31,707,318,,3415,380,838,0
MCD,1983,1983-12-31,1578,1612,0.21,737,1485,-108,343,343,1983-12-31,628,285,,3063,335,748,0
MCK,2020,2020-03-31,219028,182,6.12994,2903,12023,-1686,900,1126,2020-03-31,1144,18,96,231051,9086,9120,-73
MCK,2019,2019-03-31,202565,197,7.71574,776,11754,-210,34,168,2019-03-31,610,442,71,214319,8403,10978,44
MCK,2018,2018-03-31,197173,209,3.8799,640,11184,-408,67,-575,2018-03-31,239,814,125,208357,8138,10544,7
MCK,2017,2017-03-31,187262,223,11.31026,7122,11271,-249,5070,5277,2017-03-31,6891,1614,341,198533,7447,4149,18
MCK,2016,2016-03-31,179468,233,10.45616,3545,11416,-353,2258,2342,2016-03-31,3250,908,392,190884,7276,7871,58
MCK,2015,2015-03-31,167634,235,8.65651,2968,11411,-342,1476,1842,2015-03-31,2657,815,392,179045,7901,8443,31
MCK,2014,2014-03-31,129266,233,6.78,2367,8343,-283,1263,1354,2014-03-31,2096,742,456,137609,5418,5976,12
MCK,2013,2013-03-31,115471,239,6.14,2124,6984,-215,1338,1338,2013-03-31,1919,581,480,122455,4198,4860,10
MCK,2012,2012-03-31,116136,251,6.1,2143,6598,-223,1403,1403,2012-03-31,1919,516,440,122734,3829,4455,-1
MCK,2011,2011-03-31,106042,263,5.47,1837,6042,-210,1202,1130,2011-03-31,1635,505,407,112084,3529,4205,8
MCK,2010,2010-03-31,103026,273,4.66,2008,5676,-148,1263,1263,2010-03-31,1864,601,376,108702,3312,3668,4
MCK,2009,2009-03-31,101254,279,4.58,1133,5378,-82,823,823,2009-03-31,1064,241,364,106632,3325,4245,13
MCK,2008,2008-03-31,96694,298,3.84,1478,5009,-32,990,989,2008-03-31,1457,468,347,101703,3189,3531,11
MCK,2007,2007-03-31,88645,305,3.59,1264,4332,27,913,968,2007-03-31,1297,329,284,92977,2790,3068,6
MCK,2006,2006-03-31,84188,316,2.83,1114,3862,30,751,737,2006-03-31,1158,421,223,88050,2480,2748,14
MCK,2005,2005-03-31,77050,294,2.52,-191,3465,-118,-157,-157,2005-03-31,-240,-83,182,80515,2273,3655,69
MCK,2004,2004-03-31,66258,299,2.54,983,3248,-121,647,647,2004-03-31,911,265,173,69506,2092,2265,49
MCK,2003,2003-03-31,54018,299,2.18,930,3103,-113,562,568,2003-03-31,862,293,149,57121,2023,2173,45
MCK,2002,2002-03-31,47209,298,1.73,694,2797,-127,425,425,2002-03-31,607,183,135,50006,1946,2103,40
MCK,2001,2001-03-31,39579,283,-0.15,208,2431,-233,-42,-37,2001-03-31,16,52,148,42010,2076,2223,40
MCK,2000,2000-03-31,34412,281,0.66,158,2322,155,730,191,2000-03-31,313,122,113,36734,2052,2164,
MCK,1999,1999-03-31,27717,300,0.3,332,2666,-124,91,91,1999-03-31,208,117,115,30382,2219,2333,
MCK,1998,1998-03-31,19336,101,1.59,362,1521,-103,161,161,1998-03-31,260,99,,20857,1159,1159,
MCK,1997,1997-03-31,11849,89,0.06,93,1037,-56,135,6,1997-03-31,37,31,,12887,945,945,
MCK,1996,1996-03-31,12569,93,1.45,274,1147,-47,135,139,1996-03-31,227,89,,13716,873,873,
MCK,1995,1995-03-31,,87,-0.12,-25,,-46,405,-182,1995-03-31,-71,112,,13189,,13214,
MCK,1994,1994-03-31,11270,88,1.83,266,1158,14,136,166,1994-03-31,275,109,,12428,879,892,-4
MCK,1993,1993-03-31,10536,90,1.25,246,1133,-50,115,118,1993-03-31,197,79,,11669,887,887,0
MCK,1992,1992-03-31,9252,78,0.96,139,1061,-58,-68,42,1992-03-31,82,40,,10313,839,921,0
MCK,1991,1991-03-31,8252,89,1.19,169,169,0,101,107,1991-03-31,169,63,,8421,0,0,0
MCK,1990,1990-03-31,6808,93,0.99,220,983,-53,99,103,1990-03-31,167,63,,7791,763,763,
MCK,1989,1989-03-31,6105,92,1.06,214,942,-47,101,100,1989-03-31,167,66,,7046,728,728,0
MCK,1988,1988-03-31,5644,93,0.95,200,922,-42,96,90,1988-03-31,158,68,,6566,722,722,0
MCK,1987,1987-03-31,5673,4,22.31,204,998,-21,90,97,1987-03-31,173,76,,6672,794,794,-10
MCK,1986,1986-03-31,4786,89,0.88,185,880,-41,78,74,1986-03-31,144,70,,5666,694,695,0
MCK,1985,1985-03-31,4093,82,0.83,147,806,-25,65,64,1985-03-31,123,58,,4900,659,660,0
MCK,1984,1984-03-31,3569,82,0.81,136,707,-19,69,63,1984-03-31,117,54,,4276,571,571,0
MCK,1983,1983-03-31,3194,78,0.8,132,634,-27,56,59,1983-03-31,105,46,,3828,502,502,0
MDT,2020,2020-04-24,9269,1351.1,4.13123,4378,19644,-379,4789,4743,2020-04-24,4055,-688,2331,28913,9875,15266,56
MDT,2019,2019-04-26,9064,1357.5,4.31147,5783,21493,-676,4631,4662,2019-04-26,5197,535,2330,30557,10232,15710,90
MDT,2018,2018-04-27,9039,1368.2,3.82352,6602,20914,-938,3104,5377,2018-04-27,5675,298,2256,29953,9953,14312,11
MDT,2017,2017-04-28,9267,1391.4,3.43538,5383,20443,-728,4028,4024,2017-04-28,4602,578,2193,29710,10018,15060,-53
MDT,2016,2016-04-29,9142,1425.9,2.82401,5361,19691,-1025,3538,3538,2016-04-29,4336,798,2224,28833,9469,14330,
MDT,2015,2015-04-24,6309,1109,2.9594,3976,13952,-490,2675,2675,2015-04-24,3486,811,1640,20261,6904,9976,0
MDT,2014,2014-04-25,4333,1014,3.86,3813,12672,-108,3065,3065,2014-04-25,3705,640,1477,17005,5847,8859,181
MDT,2013,2013-04-26,4126,1028,3.67,4402,12464,-151,3467,3467,2013-04-26,4251,784,1557,16590,5698,8062,87
MDT,2012,2012-04-27,3889,1060,3.38,4294,12295,-149,3617,3415,2012-04-27,4145,730,1490,16184,5623,8001,354
MDT,2011,2011-04-29,3912,1082,3.28,4001,12021,-278,3096,3096,2011-04-29,3723,627,1508,15933,5533,8020,435
MDT,2010,2010-04-30,3812,1109,3.14,4215,12005,-246,3099,3099,2010-04-30,3969,870,1460,15817,5415,7790,428
MDT,2009,2009-04-24,3518,1124,3.18,2623,11081,-29,2169,2169,2009-04-24,2594,425,1355,14599,5152,8458,396
MDT,2008,2008-04-25,3442,1142,2.63,2776,10073,109,2231,2231,2008-04-25,2885,654,1275,13515,4707,7297,436
MDT,2007,2007-04-27,3160,1162,2.53,3361,9139,154,2802,2802,2007-04-27,3515,713,1239,12299,4153,5778,212
MDT,2006,2006-04-28,2815,1217,2.46,3074,8477,87,2547,2547,2006-04-28,3161,615,1113,11292,3659,5403,167
MDT,2005,2005-04-29,2446,1221,1.86,2498,7608,45,1804,1804,2005-04-29,2544,740,951,10055,3214,5110,291
MDT,2004,2004-04-30,2253,1226,1.63,2794,6834,3,1959,1959,2004-04-30,2797,838,852,9087,2801,4040,351
MDT,2003,2003-04-25,1890,1229,1.4,2349,5775,-7,1600,1600,2003-04-25,2341,742,749,7665,2372,3427,188
MDT,2002,2002-04-26,1653,1224,1.2,1531,4758,-7,984,984,2002-04-26,1524,540,646,6411,1963,3227,34
MDT,2001,2001-04-27,1411,1226,1.04,1475,4141,74,1046,1046,2001-04-27,1549,503,578,5552,1685,2666,64
MDT,2000,2000-04-30,1320,1221,0.91,1614,3695,15,1099,1099,2000-04-30,1629,531,480,5015,1588,2081,
MDT,1999,1999-04-30,1103,1186,0.7,800,3031,22,468,468,1999-04-30,822,354,429,4134,1280,2231,
MDT,1998,1998-04-30,670,951,0.61,687,1934,15,457,457,1998-04-30,702,245,297,2605,758,1248,
MDT,1997,1997-04-30,610,971,0.55,784,1828,25,530,530,1997-04-30,809,279,280,2438,763,1044,
MDT,1996,1996-04-30,590,933,0.47,647,1579,21,438,438,1996-04-30,668,231,237,2169,696,932,
MDT,1995,1995-04-30,540,922,0.32,436,1202,6,294,294,1995-04-30,442,148,191,1742,575,766,
MDT,1994,1994-04-30,432,918,0.24,347,959,0,232,232,1994-04-30,347,114,156,1391,470,612,
MDT,1993,1993-04-30,420,951,0.2,315,908,-2,197,212,1993-04-30,313,102,133,1328,480,593,
MDT,1992,1992-04-30,382,954,0.17,246,795,-3,162,162,1992-04-30,243,81,109,1177,440,549,
MDT,1991,1991-04-30,332,949,0.14,200,690,-4,133,133,1991-04-30,196,63,89,1021,394,489,
MDT,1990,1990-04-30,272,864,0.13,165,565,-5,109,109,1990-04-30,160,51,79,837,320,400,
MDT,1989,1989-04-30,239,928,0.09,154,503,-3,97,97,1989-04-30,150,53,66,742,307,349,
MDT,1988,1988-04-30,210,876,0.1,130,443,1,87,87,1988-04-30,131,45,53,653,260,313,
MDT,1987,1987-04-30,170,901,0.08,106,332,3,74,74,1987-04-30,109,35,42,502,184,226,
MDT,1986,1986-04-30,151,937,0.07,84,252,8,53,67,1986-04-30,92,24,39,403,137,168,
MDT,1985,1985-04-30,138,986,0.05,48,226,9,38,52,1985-04-30,58,6,38,364,140,178,
MDT,1984,1984-04-30,136,1041,0.06,72,250,7,59,60,1984-04-30,79,19,35,385,144,178,
MDT,1983,1983-04-30,150,16,3.34,69,246,3,54,54,1983-04-30,72,18,36,396,142,178,
MRK,2019,2019-12-31,13156,2580,5.3699,11603,33684,-810,9843,9894,2019-12-31,11464,1570,9696,46840,10581,22081,671
MRK,2018,2018-12-31,13065,2679,4.11896,8299,29229,10,6220,6482,2018-12-31,8701,2219,7854,42294,10067,20930,392
MRK,2017,2017-12-31,12640,2748,3.99281,6021,27482,-116,2394,5043,2017-12-31,6521,1478,7495,40122,10028,21461,616
MRK,2016,2016-12-31,13502,2787,6.11554,4848,26305,-496,3920,3941,2016-12-31,4659,718,6519,39807,9844,21457,307
MRK,2015,2015-12-31,14528,2841,4.79373,5519,24970,-983,4442,4459,2015-12-31,5401,942,6565,39498,9799,19451,615
MRK,2014,2014-12-31,15186,2928,2.77,16833,27051,877,11920,11934,2014-12-31,17283,5349,6447,42237,11172,10218,-427
MRK,2013,2013-12-31,16954,2996,5.43,5956,27079,-594,4404,4517,2013-12-31,5545,1028,7123,44033,11672,21123,183
MRK,2012,2012-12-31,16446,3076,3.61,9213,30821,-25,6168,6299,2012-12-31,8739,2440,7911,47267,12414,21608,-449
MRK,2011,2011-12-31,16871,3094,4.25,7670,31176,-83,6272,6392,2011-12-31,7334,942,7742,48047,13336,23506,-253
MRK,2010,2010-12-31,18396,3120,2.46,2370,27591,-259,861,982,2010-12-31,1653,671,8122,45987,12617,25221,-458
MRK,2009,2009-12-31,9019,2273,3.71,9807,18409,2000,12901,13024,2009-12-31,15292,2268,5613,27428,8173,8602,3485
MRK,2008,2008-12-31,5583,2145,4.07,4929,18268,2793,7808,7808,2008-12-31,9808,1999,4677,23850,7377,13338,2085
MRK,2007,2007-12-31,6141,2193,3.94,319,18057,3388,3275,3275,2007-12-31,3371,95,4558,24198,7557,17738,-336
MRK,2006,2006-12-31,6001,2188,2.09,3424,16635,2709,4434,4434,2006-12-31,6221,1788,4726,22636,8165,13211,89
MRK,2005,2005-12-31,5150,2200,2.2,5415,16862,1829,4631,4631,2005-12-31,7364,2733,3829,22012,7156,11447,121
MRK,2004,2004-12-31,4960,2226,2.61,6468,17979,1033,5813,5813,2004-12-31,7975,2161,4010,22939,7346,11511,473
MRK,2003,2003-12-31,4315,2253,2.97,8186,18171,460,6831,6590,2003-12-31,9052,2462,3178,22486,6395,9985,405
MRK,2002,2002-12-31,33054,2277,3.23,9454,18737,681,7150,7150,2002-12-31,10214,3064,2677,51790,6187,9283,79
MRK,2001,2001-12-31,28977,2322,3.28,9438,18739,715,7282,7282,2001-12-31,10403,3121,2456,47716,6224,9301,250
MRK,2000,2000-12-31,22444,2353,3.03,8780,17920,786,6822,6822,2000-12-31,9824,3002,2344,40363,6168,9139,258
MRK,1999,1999-12-31,17534,2405,2.6,7321,15180,837,5891,5891,1999-12-31,8620,2729,2068,32714,5200,7859,462
MRK,1998,1998-12-31,13925,2441,2.12,7322,12973,1031,5248,5248,1998-12-31,8133,2885,1821,26898,4511,5651,-220
MRK,1997,1997-12-31,11790,2470,1.89,5748,11847,838,4614,4614,1997-12-31,6462,1848,1684,23637,4299,6099,-124
MRK,1996,1996-12-31,9319,2490,1.64,4841,10510,695,3881,3881,1996-12-31,5541,1660,1487,19829,3841,5669,5
MRK,1995,1995-12-31,7456,2539,1.26,4820,9225,446,3335,3335,1995-12-31,4797,1462,1331,16681,3298,4406,-469
MRK,1994,1994-12-31,5963,2552,1.25,4304,9007,60,2997,2997,1994-12-31,4415,1418,1231,14970,3178,4703,51
MRK,1993,1993-12-31,2498,2313,1.18,3060,8001,-40,2166,2166,1993-12-31,3103,937,1173,10498,2914,4940,82
MRK,1992,1992-12-31,2096,2307,1.06,3492,7566,26,1984,2447,1992-12-31,3564,1117,1112,9663,2963,4075,46
MRK,1991,1991-12-31,1935,2361,0.9,3110,6668,-21,2122,2122,1991-12-31,3167,1045,988,8603,2570,3558,78
MRK,1990,1990-12-31,1778,2368,0.75,2651,5893,-22,1781,1781,1990-12-31,2699,918,854,7672,2388,3242,70
MRK,1989,1989-12-31,1550,2402,0.62,2236,5000,-12,1495,1495,1989-12-31,2283,788,751,6551,2013,2764,58
MRK,1988,1988-12-31,1526,2398,0.5,1864,4413,3,1207,1207,1988-12-31,1871,664,669,5940,1880,2549,4
MRK,1987,1987-12-31,1444,2482,0.37,1369,3617,,906,906,1987-12-31,1405,499,566,5061,1682,2248,36
MRK,1986,1986-12-31,1338,2551,0.26,1041,2791,,676,676,1986-12-31,1073,398,480,4129,1270,1750,32
MRK,1985,1985-12-31,1272,2565,0.21,840,2275,,540,540,1985-12-31,857,317,426,3548,1009,1436,17
MRK,1984,1984-12-31,1425,2644,0.19,797,2135,,493,493,1984-12-31,787,294,393,3560,946,1338,-10
MRK,1983,1983-12-31,1263,2662,0.17,722,1983,,451,451,1983-12-31,696,245,356,3246,905,1262,-26
MET,2019,2019-12-31,,944.4,6.17752,7750,,-955,5899,5909,2019-12-31,6795,886,,,8439,62000,
MET,2018,2018-12-31,,1013.9,4.94578,7429,,-1122,5123,5128,2018-12-31,6307,1179,,,8471,60552,
MET,2017,2017-12-31,,1078.5,4.26657,4665,,-1129,4010,4708,2017-12-31,3536,-1172,,,8797,57653,
MET,2016,2016-12-31,,1108.5,3.22118,5438,,-1157,850,3588,2016-12-31,4281,693,,,8777,55456,
MET,2015,2015-12-31,,1128.3,3.48613,6819,,-1168,5373,4061,2015-12-31,5651,1590,,,9349,54583,
MET,2014,2014-12-31,,1142,5.48,10020,,-1216,6309,6339,2014-12-31,8804,2465,,,10221,63356,
MET,2013,2013-12-31,,1116,3.07,5334,,-1282,3368,3391,2013-12-31,4052,661,,,10185,63031,
MET,2012,2012-12-31,,1077,2.92,2798,,-1356,1324,1314,2012-12-31,1442,128,,,16630,65669,
MET,2011,2011-12-31,,1068,6.89,11655,,-1629,6981,6951,2011-12-31,10026,3075,,,16565,59562,
MET,2010,2010-12-31,,890,3.36,5508,,-1550,2790,2777,2010-12-31,3958,1181,,,9537,47679,
MET,2009,2009-12-31,,818,-1.75,-3250,,-1083,-2246,-2318,2009-12-31,-4333,-2015,,,9916,45808,
MET,2008,2008-12-31,,745,4.66,6176,,-1086,3209,3510,2008-12-31,5090,1580,,,9658,44813,
MET,2007,2007-12-31,,762,5.44,7155,,-1116,4317,4280,2007-12-31,6039,1759,,,10465,45852,
MET,2006,2006-12-31,,771,3.85,5121,,-900,6293,3105,2006-12-31,4221,1116,,,9941,43275,
MET,2005,2005-12-31,,755,4.07,5058,,-659,4714,3139,2005-12-31,4399,1260,,,8404,39718,
MET,2004,2004-12-31,,755,3.59,4187,,-408,2758,2708,2004-12-31,3779,1071,,,7828,34827,
MET,2003,2003-12-31,,747,2.6,3108,,-478,2217,1943,2003-12-31,2630,687,,,7388,32681,
MET,2002,2002-12-31,,729,1.58,2074,,-403,1605,1155,2002-12-31,1671,516,,,6718,31073,
MET,2001,2001-12-31,,767,0.62,1071,,-332,473,473,2001-12-31,739,266,,,6478,30857,
MET,2000,2000-12-31,,789,1.4,1840,,-424,953,953,2000-12-31,1416,463,,,6695,30107,
MET,1999,1999-12-31,,745,1.13,1840,,-405,617,842,1999-12-31,1435,593,,,5456,23586,
MET,1998,1998-12-31,,745,1.88,2466,,-379,1343,1347,1998-12-31,2087,740,,,5186,24640,
MET,1997,1997-12-31,,745,1.61,2124,,-453,1203,1203,1997-12-31,1671,468,,,4765,22341,
MET,1996,1996-12-31,,745,1.24,1406,,,853,924,1996-12-31,1406,482,,,1728,21637,
MET,1995,1995-12-31,,745,0.45,744,,,699,337,1995-12-31,744,407,,,1786,21125,
MTD,2019,2019-12-31,1267.441,24.97446,22.98696,681.394,1741.211,,561.109,561.109,2019-12-31,681.394,120.285,143.95,3008.652,819.183,1059.8169999999998,
MTD,2018,2018-12-31,1251.208,25.78132,20.1061,651.858,1684.378,,512.611,516.208,2018-12-31,651.858,135.65,141.071,2935.586,812.802,1032.52,
MTD,2017,2017-12-31,1149.302,26.39378,17.2992,574.222,1575.751,,375.972,447.954,2017-12-31,574.222,126.268,128.308,2725.053,794.861,1001.5290000000002,
MTD,2016,2016-12-31,1070.525,27.02391,14.66158,504.193,1437.732,,384.37,384.37,2016-12-31,504.193,119.823,119.196,2508.257,745.358,933.539,
MTD,2015,2015-12-31,1043.454,28.26962,12.78077,463.424,1351.993,,352.82,352.82,2015-12-31,463.424,110.604,119.076,2395.447,700.81,888.569,
MTD,2014,2014-12-31,1127.2,29.6,11.59,445,1358.8,,338.2,338.2,2014-12-31,445,106.8,123.3,2486,728.6,913.8,-1.3
MTD,2013,2013-12-31,1096.9,30.7,10.45,402.7,1282,,306.1,306.1,2013-12-31,402.7,96.6,116.3,2379,692.8,879.3999999999999,1
MTD,2012,2012-12-31,1100.5,31.8,9.54,382.6,1241.1,,290.8,290.8,2012-12-31,382.6,91.8,112.5,2341.5,684,858.4000000000001,1.1
MTD,2011,2011-12-31,1091.1,32.8,8.35,349.2,1218.3,,269.5,269.5,2011-12-31,349.2,79.7,116.1,2309.3,703.6,869.1000000000001,2.4
MTD,2010,2010-12-31,931,34.1,7,307.5,1037.2,,232.1,232.1,2010-12-31,307.5,75.4,97,1968.2,588.7,729.7,-0.2
MTD,2009,2009-12-31,839.5,34.3,5.74,224.8,889.3,,172.6,172.6,2009-12-31,224.8,52.2,89.7,1728.9,505.2,664.5999999999999,1.4
MTD,2008,2008-12-31,980.3,35,5.93,266.1,993.1,,202.8,202.8,2008-12-31,266.1,63.3,102.3,1973.3,579.8,727,2.6
MTD,2007,2007-12-31,897.6,38,4.7,242.9,896.2,,178.5,178.5,2007-12-31,242.9,64.4,92.4,1793.7,529.1,653.3000000000001,-0.9
MTD,2006,2006-12-31,804.5,40.8,3.86,204.8,790.4,,157.5,157.5,2006-12-31,204.8,47.3,82.8,1594.9,481.7,585.5999999999999,-7.9
MTD,2005,2005-12-31,752.2,43.3,2.52,160.2,730.3,,108.9,108.9,2005-12-31,160.2,51.3,81.9,1482.5,441.7,570.0999999999999,20.2
MTD,2004,2004-12-31,722,45.5,2.37,154.2,682.4,,108,108,2004-12-31,154.2,46.3,83.2,1404.5,419.8,528.2,0
MTD,2003,2003-12-31,686.3,45.5,2.19,136.9,618.2,,95.8,95.8,2003-12-31,136.9,41.1,78,1304.4,372.8,481.20000000000005,-0.9
MTD,2002,2002-12-31,646,45.4,2.21,110.4,567.7,,100.4,100.4,2002-12-31,110.4,10,70.6,1213.7,332,457.29999999999995,28.2
MTD,2001,2001-12-31,619.1,43,1.68,118.4,528.9,,72.3,72.3,2001-12-31,118.4,46.2,64.6,1148,299.2,410.4999999999999,15.4
MTD,2000,2000-12-31,600.2,42.1,1.66,108.6,495.4,,70.1,70.1,2000-12-31,108.6,38.5,56.3,1095.5,296.2,386.69999999999993,2.6
MTD,1999,1999-12-31,585,41.3,1.16,79.9,480.5,,48.1,48.5,1999-12-31,79.9,31.4,57.4,1065.5,300.4,400.6,10.5
MTD,1998,1998-12-31,520.2,40.7,1.17,59.5,415.5,,37.6,38.5,1998-12-31,59.5,21,49,935.7,265.5,355.9,1.2
MTD,1997,1997-12-31,493.5,31.6,0.19,-6,384.9,,-65.1,-23.4,1997-12-31,-6,17.5,47.6,878.4,260.4,390.9,10.8
MTD,1996,1996-12-31,532.1,32.3,-0.94,-134.9,317.1,,-144.6,-144,1996-12-31,-134.9,9.1,50,849.1,246.3,452,11.8
MTD,1995,1995-12-31,508.1,32.3,0.56,27.8,342.3,,18.3,19,1995-12-31,27.8,8.8,54.5,850.4,248.3,314.5,-0.7
MTD,1994,1994-12-31,461.6,32.3,0.42,22.5,307.5,,13.5,13.8,1994-12-31,22.5,8.7,48,769.1,225,285,-7.7
MTD,1993,1993-12-31,443.5,32.3,-0.22,-3,285.4,,-7.2,-6,1993-12-31,-3,3,46.4,729,209.7,288.4,14.1
MGM,2019,2019-12-31,7603.489,527.645,0.47288,3940.215,5296.183,-910.228,2049.146,2214.38,2019-12-31,2846.725,632.345,,12899.672,2573.034,1355.9680000000008,-183.262
MGM,2018,2018-12-31,6918.875,549.536,0.82591,1469.486,4844.221,-817.34,466.772,583.894,2018-12-31,634.006,50.112,,11763.096,2335.234,3374.7350000000006,-18.14
MGM,2017,2017-12-31,6193.122,578.795,0.93401,1712.527,4604.357,-703.496,1952.052,688.184,2017-12-31,960.79,272.606,,10797.479,2034.922,2891.829999999999,-48.241
MGM,2016,2016-12-31,5521.221,573.317,1.45017,2078.199,3957.048,-747.912,1100.408,1235.846,2016-12-31,1257.589,21.743,,9478.269,1831.314,1878.8490000000002,-72.698
MGM,2015,2015-12-31,5625.376,542.873,0.976,-156.232,3564.692,-874.041,-447.72,-1039.649,2015-12-31,-1046.243,-6.594,,9190.068,1654.982,3720.923999999999,-15.97
MGM,2014,2014-12-31,6368.698,490.875,-0.25102,1323.538,3713.286,-904.855,-149.873,127.178,2014-12-31,410.886,283.708,,10081.984,1596.817,2389.7479999999996,-7.797
MGM,2013,2013-12-31,6259,490,-0.16,1112,3551,-1015,-157,57,2013-12-31,88,31,,9810,1509,2439,-9
MGM,2012,2012-12-31,5921,489,-2.67,81,3240,-1206,-1768,-1617,2012-12-31,-1734,-117,,9161,1477,3159,-608
MGM,2011,2011-12-31,5026,561,1.71,4057,2823,-1206,3115,3235,2011-12-31,2832,-403,,7849,1357,-1234,-20
MGM,2010,2010-12-31,3758,450,-1.1,-1159,2262,-1222,-1437,-1437,2010-12-31,-2216,-779,,6019,1257,3420,165
MGM,2009,2009-12-31,3539,379,-1.12,-964,2439,-810,-1292,-1292,2009-12-31,-2013,-721,,5979,1297,3403,-238
MGM,2008,2008-12-31,4034,280,-0.22,-130,3174,-627,-855,-855,2008-12-31,-669,186,,7209,1411,3304,88
MGM,2007,2007-12-31,4139,298,2.05,2864,3552,-710,1584,1401,2007-12-31,2158,758,,7692,1426,689,4
MGM,2006,2006-12-31,3813,292,2.09,1758,3363,-765,648,636,2006-12-31,978,342,,7176,1269,1605,-15
MGM,2005,2005-12-31,3547,296,1.58,1357,2935,-660,443,443,2005-12-31,679,236,,6482,1105,1578,-18
MGM,2004,2004-12-31,2293,289,1.24,951,1945,-385,412,350,2004-12-31,556,206,,4238,697,994,-10
MGM,2003,2003-12-31,2162,303,0.76,713,1747,-347,244,237,2003-12-31,354,117,,3909,695,1034,-12
MGM,2002,2002-12-31,2195,320,0.91,767,1836,-292,292,293,2002-12-31,466,174,,4031,706,1070,-9
MGM,2001,2001-12-31,2207,322,0.67,666,1765,-346,170,171,2001-12-31,278,107,,3973,674,1137,-42
MGM,2000,2000-12-31,1707,296,0.82,572,1504,-262,161,166,2000-12-31,275,109,,3211,535,954,-35
MGM,1999,1999-12-31,713,240,0.4,224,673,-59,86,95,1999-12-31,150,55,,1386,329,454,-15
MGM,1998,1998-12-31,411,225,0.31,142,324,-20,69,69,1998-12-31,110,41,,736,144,221,-13
MGM,1997,1997-12-31,406,235,0.57,223,367,-10,111,115,1997-12-31,180,65,,774,134,199,-4
MGM,1996,1996-12-31,406,217,0.51,197,399,-37,44,75,1996-12-31,99,25,,805,140,202,-11
MGM,1995,1995-12-31,389,194,0.27,114,333,-56,47,47,1995-12-31,47,0,,722,157,218,-11
MGM,1994,1994-12-31,294,196,0.38,130,448,-62,75,74,1994-12-31,74,0,,742,107,318,6
MGM,1993,1993-12-31,13,190,-0.62,-9,45,,-118,-118,1993-12-31,-118,0,,58,20,54,-108
MGM,1992,1992-12-31,0,169,-0.09,-19,50,,-20,-20,1992-12-31,-20,0,,50,18,69,-1
MGM,1991,1991-12-31,60,122,-0.1,-15,87,,-12,-12,1991-12-31,-12,0,,147,46,102,3
MGM,1990,1990-12-31,89,102,-0.23,-34,87,,-24,-24,1990-12-31,-35,-11,,177,56,122,0
MGM,1989,1989-12-31,91,84,0.3,9,101,,27,26,1989-12-31,40,14,,192,38,92,30
MGM,1988,1988-12-31,106,73,0.06,9,102,,6,4,1988-12-31,7,2,,208,40,93,-2
MCHP,2020,2020-03-31,2032.1,256.2,2.36493,641.7,3242.1,-494.5,570.6,570.6,2020-03-31,150.4,-420.2,877.8,5274.2,676.6,2600.4,3.2
MCHP,2019,2019-03-31,2418.2,249.9,1.59702,701.7,2931.3,-495,355.9,369,2019-03-31,204.5,-164.5,826.3,5349.5,682.9,2229.6000000000004,-2.2
MCHP,2018,2018-03-31,1560.1,248.9,3.19074,920.3,2420.7,-177.2,255.4,772.4,2018-03-31,737.3,-35.1,529.3,3980.8,452.1,1500.4,-5.8
MCHP,2017,2017-03-31,1650.611,234.806,1.12096,231.938,1757.196,-143.489,164.639,170.592,2017-03-31,89.787,-80.805,545.293,3407.807,499.811,1525.258,1.338
MCHP,2016,2016-03-31,967.87,217.388,1.50286,352.345,1205.464,-79.916,324.132,323.925,2016-03-31,281.293,-42.632,372.596,2173.334,301.67,853.119,8.864
MCHP,2015,2015-03-31,917.472,223.561,1.80606,374.989,1229.564,-42.824,369.009,365.325,2015-03-31,345.907,-19.418,349.543,2147.036,274.815,854.575,13.742
MCHP,2014,2014-03-31,802.5,217.6,1.83,458.9,1128.7,-32.4,395.3,395.3,2014-03-31,432.4,37.1,305,1931.2,267.3,669.9000000000001,5.9
MCHP,2013,2013-03-31,743.2,205.8,0.75,178.6,838.5,-26,127.4,127.4,2013-03-31,152.2,24.8,254.7,1581.6,261.5,659.8999999999999,-0.4
MCHP,2012,2012-03-31,583.9,203.5,1.66,396.5,799.3,-16.5,336.7,336.7,2012-03-31,379.7,43,182.7,1383.2,208.3,402.80000000000007,-0.4
MCHP,2011,2011-03-31,606,194.7,2.21,474.2,881.3,-15.4,419,429.2,2011-03-31,460.7,31.5,170.6,1487.2,222.2,407,1.9
MCHP,2010,2010-03-31,413.5,187.3,1.2,245,534.2,-15.8,217,217,2010-03-31,237.8,20.8,120.8,947.7,165.4,289.29999999999995,8.7
MCHP,2009,2009-03-31,386.8,186.8,1.35,233.3,516.5,3.1,245.6,245.6,2009-03-31,232.1,-13.5,115.5,903.3,160.9,283.2,-4.4
MCHP,2008,2008-03-31,410.8,212,1.51,301.7,624.9,45.4,296.8,296.8,2008-03-31,349.5,52.7,120.9,1035.7,175.6,323.3,2.4
MCHP,2007,2007-03-31,414.9,220.8,1.62,347.8,624.8,53,357,357,2007-03-31,401.1,44.1,113.7,1039.7,163.2,277,0.3
MCHP,2006,2006-03-31,377,215,1.13,326.4,550.9,30.8,242.4,242.4,2006-03-31,359.2,116.8,94.9,927.9,129.6,224.5,2
MCHP,2005,2005-03-31,363,212,1.09,258.6,484,16.9,213.8,213.8,2005-03-31,277.3,63.5,93,846.9,111.2,225.29999999999995,1.8
MCHP,2004,2004-03-31,349.3,212.2,0.65,171.3,350,4.6,137.3,137.3,2004-03-31,177.9,40.6,85.4,699.3,92.4,178.7,2
MCHP,2003,2003-03-31,299.2,210.6,0.67,124.1,352.2,3.3,88.2,99.7,2003-03-31,128.3,28.7,88,651.5,89.4,228.09999999999997,0.9
MCHP,2002,2002-03-31,284.5,208.9,0.45,122.5,286.7,4.3,94.8,94.8,2002-03-31,127.2,32.4,81.7,571.3,82.6,164.3,0.4
MCHP,2001,2001-03-31,335,205.2,0.76,182.1,380.7,12,142.8,142.8,2001-03-31,196.2,53.4,78.6,715.7,102.6,198.60000000000002,2.1
MCHP,2000,2000-03-31,269.6,195.5,0.58,146.5,283.4,7.4,115.2,115.2,2000-03-31,154.6,39.4,52.4,553.1,86.8,137,0.8
MCHP,1999,1999-03-31,240.2,193.3,0.37,67.2,220.6,-1.8,46.5,46.5,1999-03-31,66,19.5,46.4,460.7,72.5,153.3,0.7
MCHP,1998,1998-03-31,199.5,190.1,0.36,86.4,197.4,1.5,64.4,64.4,1998-03-31,88.2,23.8,38.4,396.9,67.5,110.89999999999998,0.2
MCHP,1997,1997-03-31,167.3,184.6,0.31,71.1,166.9,-1.9,51.1,51.1,1997-03-31,69.5,18.4,32.1,334.3,56.2,95.89999999999998,0.3
MCHP,1996,1996-03-31,137.7,184,0.28,60.3,148.2,-0.9,43.8,43.8,1996-03-31,59.9,16.2,27.5,285.9,48.9,87.9,0.6
MCHP,1995,1995-03-31,101,174.3,0.21,49.2,106.9,-0.9,36.3,36.3,1995-03-31,49.1,12.8,20.7,208,37,57.80000000000001,0.8
MCHP,1994,1994-03-31,73.8,155.8,0.12,24.2,65,-1.4,19.2,19.2,1994-03-31,24.1,5,13.8,138.7,28.6,40.7,1.3
MCHP,1993,1993-03-31,56.6,112.8,0.04,5.6,32.1,-2,4.2,4.2,1993-03-31,4.6,0.3,9.1,88.7,19.1,26.499999999999993,1
MCHP,1992,1992-03-31,49.6,103.8,0,1.5,23.5,-1.6,0.4,0.4,1992-03-31,0.5,0.2,8.2,73.1,15.4,21.999999999999993,0.6
MCHP,1991,1991-03-31,53.4,20.8,-0.11,-1.8,20.1,-0.6,-2.2,-2.2,1991-03-31,-2,0.1,7.2,73.5,16.3,21.9,0.3
MCHP,1990,1990-03-31,57.9,18.1,-0.16,-3.6,15.7,-0.1,-2.9,-2.9,1990-03-31,-2.5,0.4,6.9,73.6,14,19.4,1.2
MU,2020,2020-09-03,14883,1131,2.38939,3043,6552,-88,2687,2703,2020-09-03,2983,280,2600,21435,881,3509,28
MU,2019,2019-08-29,12704,1143,5.97441,6980,10702,68,6313,6345,2019-08-29,7048,703,2441,23406,836,3722,0
MU,2018,2018-08-30,12500,1229,11.61141,14609,17891,-297,14135,13965,2018-08-30,14307,342,2141,30391,813,3282,-5
MU,2017,2017-08-31,11886,1154,4.43107,5839,8436,-634,5089,5082,2017-08-31,5196,114,1824,20322,743,2597,-9
MU,2016,2016-09-01,9894,1036,-0.22437,164,2505,-419,-276,-300,2016-09-01,-281,19,1617,12399,659,2341,-26
MU,2015,2015-09-03,10977,1170,2.50509,2950,5215,-363,2899,2452,2015-09-03,2609,157,1540,16192,720,2265,22
MU,2014,2014-08-28,10921,1198,2.77,3082,5437,-357,3045,2605,2014-08-28,2733,128,1371,16358,708,2355,8
MU,2013,2013-08-29,7226,1056,0.28,1737,1847,-451,1190,1277,2013-08-29,1285,8,931,9073,563,110,-1
MU,2012,2012-08-30,7266,991,-1.02,-618,968,-171,-1032,-737,2012-08-30,-754,-17,918,8234,620,1586,35
MU,2011,2011-09-01,7030,1008,-0.06,755,1758,-101,167,348,2011-09-01,551,203,791,8788,592,1003,-103
MU,2010,2010-09-02,5768,1051,1.55,2026,2714,-160,1850,1939,2010-09-02,1920,-19,624,8482,528,688,54
MU,2009,2009-09-03,5242,801,-2.2,-1675,-439,-113,-1835,-1806,2009-09-03,-1804,2,647,4803,354,1236,-16
MU,2008,2008-08-28,5896,773,-1.73,-1595,-55,-3,-1619,-1629,2008-08-28,-1611,18,680,5841,455,1540,-13
MU,2007,2007-08-30,4610,769,-0.46,-280,1078,103,-320,-198,2007-08-30,-168,30,805,5688,610,1358,9
MU,2006,2006-08-31,4072,725,0.27,350,1200,76,408,415,2006-08-31,433,18,656,5272,460,850,7
MU,2005,2005-09-01,3734,702,0.27,218,1146,-15,188,188,2005-09-01,199,11,604,4880,348,929,-4
MU,2004,2004-09-02,3090,646,0.21,250,1315,-21,157,157,2004-09-02,232,75,755,4404,332,1065,3
MU,2003,2003-08-28,2805,608,-1.62,-1187,286,-18,-1273,-1273,2003-08-28,-1200,73,656,3091,358,1473,5
MU,2002,2002-08-29,2700,602,-1.44,-1025,-111,35,-907,-907,2002-08-29,-999,-92,561,2589,332,914,-8
MU,2001,2001-08-30,3825,592,-0.7,-1073,110,104,-625,-514,2001-08-30,-960,-446,490,3936,524,1184,9
MU,2000,2000-08-31,3957,605,2.56,2293,3379,24,1504,1520,2000-08-31,2317,797,428,7336,667,1086,-8
MU,1999,1999-09-02,2950,521,-0.13,-47,814,-45,-69,-56,1999-09-02,-92,-36,322,3764,486,861,53
MU,1998,1998-09-03,2732,424,-0.55,-494,280,0,-234,-216,1998-09-03,-335,-119,272,3012,468,774,158
MU,1997,1997-08-28,2539,435,0.76,402,976,1,332,352,1997-08-28,619,267,209,3516,365,574,216
MU,1996,1996-08-29,2198,430,1.42,945,1455,14,594,602,1996-08-29,959,357,192,3654,289,511,0
MU,1995,1995-08-31,1329,432,1.95,1297,1624,25,844,844,1995-08-31,1351,506,129,2953,199,327,29
MU,1994,1994-09-01,789,421,0.95,625,839,6,401,401,1994-09-01,626,225,83,1629,131,215,-5
MU,1993,1993-09-02,517,405,0.26,166,311,-3,104,104,1993-09-02,163,59,57,828,88,145,0
MU,1992,1992-09-03,390,389,0.02,14,116,-4,7,7,1992-09-03,10,3,48,506,55,103,0
MU,1991,1991-08-29,333,378,0.01,12,93,-6,5,5,1991-08-29,6,1,36,425,45,81,0
MU,1990,1990-08-30,256,372,0.01,4,77,-1,5,5,1990-08-30,3,-2,36,333,38,74,0
MU,1989,1989-08-31,230,373,0.28,150,216,15,106,106,1989-08-31,166,60,21,446,44,66,0
MU,1988,1988-09-01,144,305,0.32,119,157,-1,98,98,1988-09-01,118,20,9,301,29,38,0
MU,1987,1987-09-03,91,243,-0.09,-18,0,-5,-23,-23,1987-09-03,-23,0,5,91,13,18,0
MU,1986,1986-09-03,65,194,-0.17,-29,-16,-5,-34,-34,1986-09-03,-34,0,3,49,10,12,0
MU,1985,1985-08-28,64,191,0,-5,12,-2,0,0,1985-08-28,-7,-7,7,76,10,17,0
MU,1984,1984-08-31,38,393,0.07,37,49,-1,29,29,1984-08-31,37,8,3,87,9,12,0
MU,1983,1983-08-31,12,527,-0.01,-1,1,-2,-3,-3,1983-08-31,-3,0,0,13,2,2,0
MSFT,2020,2020-06-30,46078,7683,5.79817,52826,96937,250,44281,44281,2020-06-30,53036,8755,19269,143015,24709,44111,-40
MSFT,2019,2019-06-30,42910,7753,5.08454,42933,82933,812,39240,39397,2019-06-30,43688,4291,16876,125843,23098,40000,-57
MSFT,2018,2018-06-30,38353,7794,3.88889,35011,72007,1522,16571,30271,2018-06-30,36474,6203,14726,110360,22223,36996,-59
MSFT,2017,2017-06-30,34261,7832,3.6156,28970,62310,1182,25489,25489,2017-06-30,29901,4412,12292,96571,18648,33340,-251
MSFT,2016,2016-06-30,32780,8013,2.70637,25756,58374,78,20539,20539,2016-06-30,25639,5100,11988,91154,19198,32618,-195
MSFT,2015,2015-06-30,33038,8254,2.29091,17978,60542,796,12193,12193,2015-06-30,18507,6314,12046,93580,20324,42564,-267
MSFT,2014,2014-06-30,27078,8399,2.65,27653,59755,336,22074,22074,2014-06-30,27820,5746,11381,86833,20488,32102,-169
MSFT,2013,2013-06-30,20385,8470,2.6,26556,57464,302,21863,21863,2013-06-30,27052,5189,10411,77849,20289,30908,194
MSFT,2012,2012-06-30,17530,8506,2.55,21763,56193,205,16978,16978,2012-06-30,22267,5289,9811,73723,18426,34430,299
MSFT,2011,2011-06-30,15577,8593,2.69,27161,54366,861,23150,23150,2011-06-30,28071,4921,9043,69943,18162,27205,49
MSFT,2010,2010-06-30,12395,8927,2.12,24098,50089,832,18760,18760,2010-06-30,25013,6253,8714,62484,17218,25991,83
MSFT,2009,2009-06-30,12155,8996,1.58,21225,46282,-1348,14569,14569,2009-06-30,19821,5252,9010,58437,16579,25057,-56
MSFT,2008,2008-06-30,11598,9470,1.87,22271,48822,1686,17681,17681,2008-06-30,23814,6133,8164,60420,18387,26551,-143
MSFT,2007,2007-06-30,10693,9886,1.46,18438,40429,1667,14065,14065,2007-06-30,20101,6036,7121,51122,14359,21991,-4
MSFT,2006,2006-06-30,7650,10531,1.28,16472,36632,2198,12599,12599,2006-06-30,18262,5663,6584,44282,12256,20160,-408
MSFT,2005,2005-06-30,6031,10906,1.28,14561,33757,2219,12254,12254,2005-06-30,16628,4374,6097,39788,10789,19196,-152
MSFT,2004,2004-06-30,6596,10894,0.91,9034,30239,3244,8168,8168,2004-06-30,12196,4028,7735,36835,10841,21205,-82
MSFT,2003,2003-06-30,6059,10882,0.76,9545,26128,2659,7531,7531,2003-06-30,11054,3523,6595,32187,8982,16583,-1150
MSFT,2002,2002-06-30,5699,11106,0.52,8272,22666,3923,5355,5355,2002-06-30,7875,2520,6299,28365,7435,14394,-4320
MSFT,2001,2001-06-30,3455,11148,0.72,11720,21841,4609,7346,7721,2001-06-30,11525,3804,4379,25296,5742,10121,-4804
MSFT,2000,2000-06-30,3002,11072,0.87,11006,19954,3298,9421,9421,2000-06-30,14275,4854,3772,22956,5176,8948,-29
MSFT,1999,1999-06-30,2814,10964,0.71,10010,16933,1881,7785,7785,1999-06-30,11891,4106,2970,19747,3953,6923,
MSFT,1998,1998-06-30,2460,10724,0.44,6414,12802,703,4490,4490,1998-06-30,7117,2627,2601,15262,3261,6388,230
MSFT,1997,1997-06-30,2170,10488,0.33,4871,9766,443,3454,3454,1997-06-30,5314,1860,1863,11936,2773,4895,259
MSFT,1996,1996-06-30,2145,10246,0.21,3078,6905,320,2195,2195,1996-06-30,3379,1184,1326,9050,2501,3827,-19
MSFT,1995,1995-06-30,1346,10034,0.15,2038,4729,191,1453,1499,1995-06-30,2213,714,860,6075,1831,2691,-16
MSFT,1994,1994-06-30,1077,9754,0.12,1620,3637,102,1146,1146,1994-06-30,1722,576,610,4714,1301,2017,106
MSFT,1993,1993-06-30,785,9692,0.1,1319,3001,82,953,953,1993-06-30,1401,448,470,3786,1205,1682,7
MSFT,1992,1992-06-30,466,9415,0.08,985,2292,56,708,708,1992-06-30,1041,333,352,2759,944,1307,11
MSFT,1991,1991-06-30,363,9008,0.05,633,1481,37,463,463,1991-06-30,671,208,235,1843,596,847,16
MSFT,1990,1990-06-30,253,8598,0.03,380,931,31,279,279,1990-06-30,411,131,181,1183,357,551,14
MSFT,1989,1989-06-30,204,8099,0.02,232,599,19,171,171,1989-06-30,251,80,110,804,247,368,10
MSFT,1988,1988-06-30,148,8038,0.02,173,443,,124,124,1988-06-30,184,60,70,591,186,270,11
MSFT,1987,1987-06-30,74,7959,0.01,113,272,,72,72,1987-06-30,121,49,38,346,107,159,9
MSFT,1986,1986-06-30,41,7258,0.01,66,157,,39,39,1986-06-30,66,27,21,198,75,91,-5
MSFT,1985,1985-06-30,30,6699,0,43,110,,24,24,1985-06-30,43,19,17,140,52,68,-2
MSFT,1984,1984-06-30,23,6609,0,28,75,,16,16,1984-06-30,28,12,11,97,35,46,1
MSFT,1983,1983-06-30,16,6532,0,11,34,,6,6,1983-06-30,11,5,7,50,17,23,0
MAA,2019,2019-12-31,667.856,118.203,2.18286,430.197,973.161,-161.961,353.811,364.964,2019-12-31,368.66,3.696,,1641.017,46.121,542.9639999999999,7.389
MAA,2018,2018-12-31,642.221,113.836,1.96579,395.468,929.125,-176.17,222.899,229.19,2018-12-31,231.801,2.611,,1571.346,34.786,533.6569999999999,8.01
MAA,2017,2017-12-31,620.319,113.687,1.91369,354.776,908.668,-154.751,328.379,339.166,2017-12-31,341.785,2.619,,1528.987,40.194,553.892,14.353
MAA,2016,2016-12-31,350.704,78.8,2.19417,272.067,774.644,-129.223,212.222,224.161,2016-12-31,225.86,1.699,,1125.348,135.785,502.57699999999994,0.448
MAA,2015,2015-12-31,328.635,75.176,1.97718,284.529,714.144,-122.712,332.287,350.747,2015-12-31,352.42,1.673,,1042.779,128.716,429.615,0.473
MAA,2014,2014-12-31,323.852,74.982,1.55054,227.647,668.48,-123.183,147.98,144.937,2014-12-31,146.987,2.05,,992.332,122.5,440.83299999999997,-0.476
MAA,2013,2013-12-31,208.2,53.1,1.4,116.5,426.6,-78.5,115.2,37.3,2013-12-31,38.2,0.9,,634.7,83.8,310.09999999999997,-0.1
MAA,2012,2012-12-31,146.1,42.9,1.52,129.6,351,-58.3,105.2,67.6,2012-12-31,67.6,0,,497.2,71,221.4,-3.6
MAA,2011,2011-12-31,136.9,39.1,1.06,99,312.1,-58,48.8,37.7,2011-12-31,37.7,0,,449,72.7,213.1,-3.5
MAA,2010,2010-12-31,123.3,32,0.72,88.7,279,-55.2,29.8,30.9,2010-12-31,30.9,0,,402.2,63.7,190.2,-2.3
MAA,2009,2009-12-31,112.1,28.3,0.72,93.2,266.5,-56.7,31.3,33.3,2009-12-31,33.3,0,,378.5,59,173.29999999999998,-2.3
MAA,2008,2008-12-31,109,27,0.63,95.8,260.8,-63.3,30.2,29.1,2008-12-31,29.1,0,,369.9,58,165.10000000000002,-2.6
MAA,2007,2007-12-31,102.6,25.5,0.4,92.9,250.4,-67.8,39.9,30.2,2007-12-31,30.2,0,,353,53.2,157.4,-0.8
MAA,2006,2006-12-31,96.3,23.7,0.29,86.8,229.7,-64.5,20.9,20.3,2006-12-31,20.3,0,,326,49.9,142.89999999999998,-2
MAA,2005,2005-12-31,87.9,21.6,0.13,76.1,209.5,-59.8,19.7,20.1,2005-12-31,20.1,0,,297.5,46.1,133.5,0.5
MAA,2004,2004-12-31,80.6,20.7,0,67.9,187.2,-52.8,25.2,19.2,2004-12-31,19.2,0,,267.8,41.4,119.30000000000001,0.9
MAA,2003,2003-12-31,72.5,18.4,-0.33,65.8,167.6,-48.3,20.2,18.3,2003-12-31,18.3,0,,240.1,35.3,102.6,-2.1
MAA,2002,2002-12-31,66.6,17.6,-0.06,69.7,166.4,-49.9,16.1,17.5,2002-12-31,17.5,0,,232.9,32.9,96.80000000000001,-2.7
MAA,2001,2001-12-31,59.9,17.5,0.11,75.3,167.1,-55.2,28.7,29.7,2001-12-31,29.7,0,,227,30.6,92.79999999999998,-2.4
MAA,2000,2000-12-31,59.2,17.6,0.15,74.5,164.1,-53.4,29.8,30,2000-12-31,30,0,,223.3,39.1,90.89999999999999,-2.8
MAA,1999,1999-12-31,59.6,18.8,0.43,77.1,166.7,-50.8,33.6,33.6,1999-12-31,33.6,0,,226.4,39.7,89.70000000000002,-2.9
MAA,1998,1998-12-31,55.9,18.8,0.93,77.6,159.7,-48,26.8,27.7,1998-12-31,27.7,0,,215.5,36,82,-2.3
MAA,1997,1997-12-31,37.8,14,1.07,52.4,101.3,-31.6,11.2,19.8,1997-12-31,19.8,0,,139.1,21.2,48.900000000000006,-0.9
MAA,1996,1996-12-31,30.9,11,1.01,41.7,81,-29,14.3,14.3,1996-12-31,14.3,0,,111.9,17.9,39.300000000000004,-0.7
MAA,1995,1995-12-31,28.2,9.8,1,35,66.8,-25.2,9.8,9.8,1995-12-31,9.8,0,,95,14.6,31.8,
MAA,1994,1994-12-31,14.6,6.5,0.99,19,36.6,-12.6,6.9,6.5,1994-12-31,6.5,0,,51.2,8.8,17.6,
MAA,1993,1993-12-31,9,5.2,0.46,9.9,17.2,-7.4,2.5,2.4,1993-12-31,2.4,0,,26.3,3.9,7.399999999999999,
MAA,1992,1992-12-31,7.3,5.2,0.1,8.1,14.9,-7.5,1.1,0.5,1992-12-31,0.5,0,,22.2,3.6,6.8,
MAA,1991,1991-12-31,6.5,5.2,-0.17,7.2,13.2,-8.1,0,-0.9,1991-12-31,-0.9,0,,19.7,3.1,6,
MAA,1990,1990-12-31,8.4,5.2,-0.25,6.3,9.9,-7.6,-1.3,-1.3,1990-12-31,-1.3,0,,18.4,0.8,3.6999999999999993,
MAA,1989,1989-12-31,7.9,5.2,-0.35,5.4,8.7,-7.2,-1.8,-1.8,1989-12-31,-1.8,0,,16.7,0.8,3.4000000000000004,
MHK,2019,2019-12-31,7206.327,72.264,12.51273,767.318,2764.345,-34.082,744.211,744.571,2019-12-31,749.545,4.974,,9970.672,1835.949,1997.0269999999991,16.309
MHK,2018,2018-12-31,7098.501,74.773,12.74468,1095.326,2885.133,-48.44,861.704,893.056,2018-12-31,1049.201,156.145,,9983.634,1711.157,1789.8070000000007,2.315
MHK,2017,2017-12-31,6458.851,74.839,14.09315,1354.173,3032.439,-39.506,971.638,1019.941,2017-12-31,1317.857,297.916,,9491.29,1629.326,1678.2660000000005,3.19
MHK,2016,2016-12-31,6107.958,74.568,12.98569,1279.943,2851.129,-41.646,930.362,933.566,2016-12-31,1241.125,307.559,,8959.087,1520.563,1571.1860000000006,2.828
MHK,2015,2015-12-31,5615.324,74.043,9.1402,837.566,2456.239,-80.381,615.302,616.986,2015-12-31,748.861,131.875,,8071.563,1544.069,1618.6730000000007,-8.324
MHK,2014,2014-12-31,5618.033,73.363,7.81505,772.796,2185.413,-105.076,531.965,532.254,2014-12-31,663.891,131.637,,7803.446,1361.015,1412.6169999999993,-3.829
MHK,2013,2013-12-31,5378.8,72.3,6.35,546.9,1970,-101.8,348.8,367.2,2013-12-31,445.6,78.4,,7348.8,1311.1,1423,0.4
MHK,2012,2012-12-31,4283.1,69.3,3.83,379.5,1504.9,-74.7,250.3,250.9,2012-12-31,304.5,53.6,,5788,1106.8,1125.3999999999996,-0.3
MHK,2011,2011-12-31,4225.4,69,2.7,314.4,1416.9,-110.9,173.9,178.2,2011-12-31,199.9,21.6,,5642.3,1095.7,1102.4000000000005,-3.6
MHK,2010,2010-12-31,3916.5,68.8,2.58,304.9,1402.6,-123.4,182.2,189.9,2010-12-31,192.6,2.7,,5319.1,1087.7,1097.6000000000004,11.1
MHK,2009,2009-12-31,4111.8,68.5,0.82,43.7,1232.2,-121.4,-5.5,-1,2009-12-31,-77.7,-76.7,,5344,1170.2,1188.5,0
MHK,2008,2008-12-31,5088.6,68.4,-6.37,-1124.1,1737.8,-127.1,-1458.2,-1458.2,2008-12-31,-1278.2,180.1,,6826.3,1318.5,2861.8999999999996,-27
MHK,2007,2007-12-31,5471.2,68.5,10.32,750.1,2114.8,-154.5,706.8,706.8,2007-12-31,604.1,-102.7,,7586,1364.7,1364.6999999999998,8.5
MHK,2006,2006-12-31,5674.5,68.1,6.7,839.1,2231.3,-173.7,455.8,455.8,2006-12-31,676.3,220.5,,7905.8,1392.3,1392.3000000000002,10.9
MHK,2005,2005-12-31,4897,67.6,5.3,627.3,1723.1,-66.8,358.2,358.2,2005-12-31,557,198.8,,6620.1,1095.9,1095.8000000000002,-3.5
MHK,2004,2004-12-31,4259.5,67.6,5.46,635.6,1620.8,-53.4,368.6,368.6,2004-12-31,577.4,208.8,,5880.4,985.3,985.3000000000002,-4.8
MHK,2003,2003-12-31,3645.7,67.1,4.62,542,1359.4,-55.6,310.1,310.1,2003-12-31,488.4,178.3,,5005.1,817.3,817.3000000000002,2
MHK,2002,2002-12-31,3285.2,64.9,4.39,519.1,1237.1,-69,284.5,284.5,2002-12-31,443.6,159.1,,4522.3,718,718,-6.5
MHK,2001,2001-12-31,2613,53.1,3.55,327.2,832.9,-29.8,188.6,188.6,2001-12-31,291.4,102.8,,3445.9,505.7,505.8000000000002,-6
MHK,2000,2000-12-31,2433,54.3,3.08,310.1,822.8,-38,162.6,162.6,2000-12-31,267.6,105,,3255.8,505.7,512.6999999999998,-4.4
MHK,1999,1999-12-31,2306.4,60.3,2.61,294.8,776.9,-32.6,157.2,157.2,1999-12-31,259.9,102.7,,3083.3,482.1,482.0999999999999,-2.3
MHK,1998,1998-12-31,1998.9,58,2.07,213.5,640.3,-29.3,107.6,107.6,1998-12-31,182.4,74.8,,2639.2,406.2,426.7999999999997,-1.8
MHK,1997,1997-12-31,1464.7,52.4,1.36,141.6,436.7,-26.5,68,68,1997-12-31,112.4,44.4,,1901.4,289.6,295.0999999999999,-2.7
MHK,1996,1996-12-31,1372,51.8,0.99,119.4,407.4,-31.5,49.1,49.1,1996-12-31,82.7,33.7,,1779.4,284.2,288,-5.2
MHK,1995,1995-12-31,1281.9,50.4,0.52,48,366.6,-35,6.4,6.4,1995-12-31,10.5,4,,1648.5,286.5,318.5999999999999,-2.6
MHK,1994,1994-12-31,1107.9,50.1,0.66,98.5,329.7,-27.1,33,33,1994-12-31,58.2,25.2,,1437.5,231.2,231.19999999999982,-13.2
MHK,1993,1993-12-31,566.5,49.7,0.48,49.3,167.5,-13.4,22.7,22.7,1993-12-31,39.3,16.6,,734,115.9,118.20000000000005,3.4
MHK,1992,1992-12-31,272,42.9,0.26,22.8,80.5,-5.2,9.5,9.5,1992-12-31,18.1,8.5,,352.5,54.1,57.69999999999999,0.5
MHK,1991,1991-12-31,219.1,16.8,0.34,20.7,59.8,-8.8,6.4,6.4,1991-12-31,10.5,4.2,,278.9,39.2,39.20000000000002,-1.3
MHK,1990,1990-12-31,224,17,0.33,22.5,64.2,-10.2,6.2,6.2,1990-12-31,10.5,4.3,,288.2,41.6,41.60000000000002,-1.8
MHK,1989,1989-12-31,209.7,17,0.24,19.9,56,-11.4,4.7,4.7,1989-12-31,6.9,2.1,,265.7,36,36.10000000000002,-1.6
TAP,2019,2019-12-31,6378.2,216.9,2.79083,764.4,4201.2,-293.1,241.7,246.2,2019-12-31,479.9,233.7,,10579.4,2728,3436.8,8.6
TAP,2018,2018-12-31,6584.8,216.6,4.1477,1631.8,4184.8,-330.1,1116.5,1134.6,2018-12-31,1359.8,225.2,,10769.6,2802.7,2552.999999999999,46.4
TAP,2017,2017-12-31,6236.7,216.5,4.73655,1677.7,4766.1,-351.3,1565.6,1020.8,2017-12-31,1383.2,362.4,,11002.8,3052,3088.4000000000005,56.8
TAP,2016,2016-12-31,2999,213.4,1.20139,3322.6,1886,-237.2,1593.9,1599.8,2016-12-31,3054.1,1454.3,,4885,1597.2,-1436.6,-51.8
TAP,2015,2015-12-31,2131.6,186.4,3.70472,567.2,1435.9,-105.7,395.2,394.6,2015-12-31,456.1,61.5,,3567.5,1038.3,868.7000000000003,-6.2
TAP,2014,2014-12-31,2493,186,4.8,727,1653,-140,514,517,2014-12-31,586,69,,4146,1175,927,0
TAP,2013,2013-12-31,2546,184,3.69,806,1661,-178,567,571,2013-12-31,655,84,,4206,1183,854,3
TAP,2012,2012-12-29,2353,182,2.86,867,1564,-268,443,438,2012-12-29,592,155,,3917,1086,696,-7
TAP,2011,2011-12-31,2048,186,3.9,888,1468,-114,676,675,2011-12-31,774,99,,3516,1020,580,0
TAP,2010,2010-12-25,1812,187,3.82,865,1442,-55,708,670,2010-12-25,809,139,,3254,1013,578,-1
TAP,2009,2009-12-26,1727,186,3.88,753,1306,-81,720,732,2009-12-26,718,-15,,3032,901,553,0
TAP,2008,2008-12-28,2841,186,2.81,605,1934,-89,388,412,2008-12-28,515,103,,4774,1333,1328,-1
TAP,2007,2007-12-30,3703,181,3.5,615,2488,-97,497,530,2007-12-30,534,4,,6191,1734,1873,0
TAP,2006,2006-12-31,3481,173,2.48,590,2364,-117,361,390,2006-12-31,472,82,,5845,1705,1774,-1
TAP,2005,2005-12-25,3307,160,2.2,421,2200,-122,135,245,2005-12-25,295,50,,5507,1633,1779,-3
TAP,2004,2004-12-26,2742,76,2.53,348,1564,-58,197,213,2004-12-26,308,95,,4306,1223,1215,18
TAP,2003,2003-12-28,2587,73,2.39,307,1413,-62,175,175,2003-12-28,254,79,,4000,1106,1106,8
TAP,2002,2002-12-29,2415,73,2.26,298,1362,-50,162,162,2002-12-29,257,95,,3776,1057,1063,8
TAP,2001,2001-12-30,1538,74,1.62,152,892,14,123,123,2001-12-30,198,75,,2429,717,740,4
TAP,2000,2000-12-31,1526,75,1.52,151,889,15,110,110,2000-12-31,170,60,,2414,723,738,3
TAP,1999,1999-12-26,1216,75,1.28,142,841,7,92,92,1999-12-26,151,58,,2057,693,699,2
TAP,1998,1998-12-27,1159,75,1.06,104,741,2,68,68,1998-12-27,111,43,,1900,617,637,5
TAP,1997,1997-12-28,1121,76,0.85,147,701,-4,82,82,1997-12-28,147,65,,1822,585,554,4
TAP,1996,1996-12-29,1118,76,0.62,81,614,-11,43,43,1996-12-29,75,32,13,1732,514,533,5
TAP,1995,1995-12-31,1092,76,0.45,80,584,-11,43,43,1995-12-31,73,30,15,1675,504,503,4
TAP,1994,1994-12-25,1067,77,0.66,108,600,-11,58,58,1994-12-25,104,46,13,1667,492,492,8
TAP,1993,1993-12-26,1037,76,0.5,-45,545,-16,-42,-42,1993-12-26,-57,-15,13,1582,454,590,4
TAP,1992,1992-12-27,1036,75,0.48,73,515,-16,-2,36,1992-12-27,59,23,12,1551,430,441,1
TAP,1991,1991-12-29,1332,75,0.58,22,585,-1,26,24,1991-12-29,23,-1,28,1917,506,564,2
TAP,1990,1990-12-30,1274,74,0.77,74,590,0,39,39,1990-12-30,64,25,22,1863,463,515,-10
TAP,1989,1989-12-31,1159,74,0.47,34,532,-2,13,13,1989-12-31,26,13,23,1691,433,498,-6
TAP,1988,1988-12-25,1021,73,0.64,70,501,-3,47,47,1988-12-25,77,30,23,1522,408,431,10
TAP,1987,1987-12-27,878,73,0.66,89,473,-3,48,48,1987-12-27,86,38,22,1351,362,384,0
TAP,1986,1986-12-28,846,72,0.82,109,469,-3,59,59,1986-12-28,110,51,23,1315,337,360,5
TAP,1985,1985-12-29,864,70,0.76,90,417,-2,53,53,1985-12-29,96,43,19,1281,307,327,8
TAP,1984,1984-12-30,805,70,0.64,51,328,-1,45,45,1984-12-30,57,13,18,1133,259,277,8
TAP,1983,1983-12-25,720,70,1.27,154,390,-2,89,89,1983-12-25,156,67,15,1110,221,236,3
MDLZ,2019,2019-12-31,15531,1458,2.86728,3843,10337,-498,3870,3450,2019-12-31,3447,-3,351,25868,5509,6494,102
MDLZ,2018,2018-12-31,15586,1486,2.72557,3172,10352,-358,3381,2088,2018-12-31,2842,754,362,25938,5797,7180,28
MDLZ,2017,2017-12-31,15862,1531,2.20251,3451,10034,-385,2828,2414,2017-12-31,3124,710,366,25896,5309,6583,58
MDLZ,2016,2016-12-31,15819,1573,2.0073,2127,10104,-580,1635,1340,2016-12-31,1454,114,376,25923,5784,7977,-93
MDLZ,2015,2015-12-31,18124,1637,1.37845,8897,11512,-1013,7267,7291,2015-12-31,7884,593,409,29636,7140,2615,
MDLZ,2014,2014-12-31,21647,1709,1.63,2747,12597,-150,2184,2201,2014-12-31,2554,353,455,34244,8002,9850,-43
MDLZ,2013,2013-12-31,22189,1789,1.67,3359,13110,-1017,3915,2332,2013-12-31,2392,60,471,35299,8208,9751,50
MDLZ,2012,2012-12-31,21939,1789,1.03,3028,13076,-1177,3028,1567,2012-12-31,1774,207,462,35015,8714,10048,-77
MDLZ,2011,2011-12-31,35350,1772,2.23,6657,19015,-1645,3527,3547,2011-12-31,4772,1225,702,54365,11438,12358,-240
MDLZ,2010,2010-12-31,31305,1720,1.96,5415,17902,-1790,4114,2495,2010-12-31,3642,1147,583,49207,11418,12487,17
MDLZ,2009,2009-12-31,25786,1486,1.97,5524,14600,-1237,3021,3028,2009-12-31,4287,1259,,40386,9108,9076,
MDLZ,2008,2008-12-31,28186,1510,1.75,3817,14015,-1240,2901,1849,2008-12-31,2577,728,,42201,9059,10198,
MDLZ,2007,2007-12-31,24651,1594,1.82,4331,12590,-604,2590,2590,2007-12-31,3727,1137,,37241,7809,8259,
MDLZ,2006,2006-12-31,21940,1655,2.14,4526,12416,-510,3060,3065,2006-12-31,4016,951,,34356,7249,7890,
MDLZ,2005,2005-12-31,21789,1693,1.9,4943,12324,-636,2632,2907,2005-12-31,4116,1209,,34113,6915,7381,-191
MDLZ,2004,2004-12-31,20281,1714,1.8,4792,11887,-666,2665,2672,2004-12-31,3946,1274,,32168,6478,7095,-180
MDLZ,2003,2003-12-31,18828,1728,2,6193,12182,-665,3476,3480,2003-12-31,5346,1866,,31010,6018,5989,-182
MDLZ,2002,2002-12-31,17720,1736,2.02,6276,12003,-847,3394,3398,2002-12-31,5267,1869,,29723,5547,5727,-162
MDLZ,2001,2001-12-31,17531,1610,1.77,4884,16344,-1437,1882,1882,2001-12-31,3447,1565,,33875,10498,11460,
MDLZ,2000,2000-12-31,13917,1455,1.74,4012,12615,-597,2001,2001,2000-12-31,3415,1414,,26532,8068,8603,
MDLZ,1999,1999-12-31,14573,1455,1.58,3579,12224,-539,1753,1753,1999-12-31,3040,1287,,26797,8106,8645,
MDLZ,1998,1998-12-31,15544,1455,1.5,3535,11767,-536,1632,1632,1998-12-31,2999,1367,,27311,7688,8232,
MDLZ,1997,1997-12-31,15978,1455,1.61,3559,11712,-476,1792,1792,1997-12-31,3083,1291,,27690,7601,8153,
MDLZ,1996,1996-12-31,16387,1455,1.4,3265,11563,-509,1467,1467,1996-12-31,2756,1289,,27950,7729,8298,
MNST,2019,2019-12-31,1745.634,546.608,2.04292,1402.939,2455.185,13.023,1107.835,1107.835,2019-12-31,1415.962,308.127,,4200.819,625.045,1052.246,
MNST,2018,2018-12-31,1568.908,564.254,1.79931,1283.619,2238.275,9.653,993.004,994.804,2018-12-31,1293.272,298.468,,3807.183,531.3,954.656,
MNST,2017,2017-12-31,1283.655,577.141,1.53861,1198.787,2085.39,2.836,820.678,862.578,2017-12-31,1201.623,339.045,,3369.045,485.8,886.6029999999998,
MNST,2016,2016-12-31,1153.193,599.819,1.27593,1085.338,1896.2,-5.653,712.685,712.685,2016-12-31,1079.685,367,,3049.393,425.1,810.8620000000001,
MNST,2015,2015-12-31,1122.963,577.76378,1.01266,893.653,1599.601,-2.105,546.733,546.733,2015-12-31,891.548,344.815,,2722.564,354.6,705.9480000000001,
MNST,2014,2014-12-31,1125.057,522.86023,0.92412,747.505,1339.81,-1.717,483.185,483.185,2014-12-31,745.788,262.603,,2464.867,0,592.3050000000001,
MNST,2013,2013-12-31,1073.5,520.2,0.65,572.9,1172.9,-9,338.7,338.7,2013-12-31,563.9,225.2,,2246.4,,600,
MNST,2012,2012-12-31,995,549.3,0.62,551.4,1065.7,-2.3,340,340,2012-12-31,549.2,209.1,,2060.7,,514.3,
MNST,2011,2011-12-31,808.9,560,0.51,456.4,894.3,0.8,286.2,286.2,2011-12-31,457.3,171.1,,1703.2,,437.9,
MNST,2010,2010-12-31,623.7,558.1,0.38,347.8,680.2,1.5,212,212,2010-12-31,349.3,137.3,,1303.9,,332.4,
MNST,2009,2009-12-31,531,567.9,0.38,337.3,612.3,-1.6,208.7,208.7,2009-12-31,335.7,127,,1143.3,,275,
MNST,2008,2008-12-31,495,585.2,0.42,163.1,538.8,10.4,108,108,2008-12-31,173.5,65.4,,1033.8,,375.70000000000005,
MNST,2007,2007-12-31,436.5,593.2,0.27,231,468,8.8,149.4,149.4,2007-12-31,239.8,90.4,,904.5,,237,
MNST,2006,2006-12-31,289.2,591.5,0.17,158.6,316.6,3.7,97.9,97.9,2006-12-31,162.2,64.3,,605.8,,158,
MNST,2005,2005-12-31,166.3,582.5,0.11,103.4,182.5,1.4,62.8,62.8,2005-12-31,104.8,42,,348.9,79,79.1,
MNST,2004,2004-12-31,96.9,566.9,0.04,33.9,83.5,0.1,20.4,20.4,2004-12-31,33.9,13.6,,180.3,49.5,49.599999999999994,0
MNST,2003,2003-12-31,66.6,516.6,0.01,9.8,43.8,-0.1,5.9,5.9,2003-12-31,9.8,3.8,,110.4,33.9,33.900000000000006,0
MNST,2002,2002-12-31,58.8,496.3,0.01,5.3,33.2,-0.2,3,3,2002-12-31,5.1,2,,92,27.9,28,0
MNST,2001,2001-12-31,51.8,495.1,0.01,5.6,28.9,-0.5,3,3,2001-12-31,5,2,,80.7,22.8,23.299999999999997,0
MNST,2000,2000-12-31,42.8,499.5,0.01,6.9,28.9,-0.4,3.9,3.9,2000-12-31,6.5,2.6,,71.7,21.7,22,0
MNST,1999,1999-12-31,38.8,504.5,0.01,7.5,33.5,-0.1,4.5,4.5,1999-12-31,7.4,3,,72.3,25.3,26,0
MNST,1998,1998-12-31,27.3,500.7,0.01,6,26.5,-0.3,3.6,3.6,1998-12-31,5.6,2.1,,53.9,20.2,20.599999999999998,0
MNST,1997,1997-12-31,25.2,445.9,0,1.9,17.8,-0.5,1.3,1.3,1997-12-31,1.3,0,,43.1,15.5,16.000000000000004,-0.1
MNST,1996,1996-12-31,21.7,439.7,0,0.7,13.9,-0.6,0.4,0.4,1996-12-31,0.4,0,,35.6,12.5,13.2,0.3
MNST,1995,1995-12-31,21.9,437.9,0,-1.3,12.1,-0.4,-1.3,-1.3,1995-12-31,-1.3,0,,34,12.5,13.399999999999999,0.4
MNST,1994,1994-12-31,15.9,437.9,0,-1.2,12.9,-0.3,-1.4,-1.4,1994-12-31,-1.4,0,,28.8,13.1,14.1,0.1
MNST,1993,1993-12-31,13.5,418.8,0,1.1,10.2,-0.4,0.6,0.6,1993-12-31,0.8,0.1,,23.7,8.1,9,0
MNST,1992,1992-12-31,5.4,475.8,0,0,4,-0.2,0,0,1992-12-31,0,0,,9.4,3.5,4,0.1
MNST,1991,1991-12-31,0,346.2,0,-0.4,0,,0,0,1991-12-31,0,0,,0,0.4,0.4,0.4
MCO,2019,2019-12-31,1387,191.6,7.80793,1998,3442,-174,1422,1429,2019-12-31,1810,381,,4829,1167,1444,-14
MCO,2018,2018-12-31,1245.5,194.4,6.65429,1868.2,3197.2,-231.2,1309.6,1260.4,2018-12-31,1671,410.6,,4442.7,1080.1,1329,34
MCO,2017,2017-12-31,1216.6,194.2,6.28273,1880.5,2987.5,-44,1000.6,1253.3,2017-12-31,1786.8,533.5,,4204.1,985.9,1107,-49.7
MCO,2016,2016-12-31,1019.6,195.4,3.57972,650.9,2584.6,-75.9,266.6,275.8,2016-12-31,558,282.2,,3604.2,931.2,1933.7000000000003,-17
MCO,2015,2015-12-31,976.3,203.4,4.62783,1473.4,2508.2,-109.4,941.3,949.6,2015-12-31,1379.6,430,,3484.5,921.3,1034.8,15.6
MCO,2014,2014-12-31,930.3,214.7,4.28,1541.9,2404,-83.8,988.7,1006,2014-12-31,1461,455,,3334.3,869.3,862.1000000000001,2.9
MCO,2013,2013-12-31,822.4,223.5,3.6,1234.6,2150.1,-78,804.5,815.9,2013-12-31,1169.3,353.4,,2972.5,822.1,915.5000000000001,12.7
MCO,2012,2012-12-31,795,226.6,3.08,1077.4,1935.3,-69.7,690,699.7,2012-12-31,1024,324.3,,2730.3,752.2,857.9000000000001,16.3
MCO,2011,2011-12-31,683.5,229.4,2.49,888.4,1597.2,-47.7,571.4,578,2011-12-31,839.8,261.8,,2280.7,629.6,708.8,-0.9
MCO,2010,2010-12-31,604.8,236.6,2.15,772.8,1427.2,-49.6,507.8,513.4,2010-12-31,714.4,201,,2032,588,654.4000000000001,-8.8
MCO,2009,2009-12-31,532.4,237.8,1.74,687.5,1264.8,-44.9,402,407.1,2009-12-31,646.2,239.1,,1797.2,495.7,577.3000000000001,3.6
MCO,2008,2008-12-31,493.3,245.3,1.86,748.2,1262.1,-16.2,457.6,457.6,2008-12-31,725.8,268.2,,1755.4,441.3,513.9000000000001,-6.2
MCO,2007,2007-12-31,584,272.2,2.69,1131,1675,-23.2,701.5,701.5,2007-12-31,1116.7,415.2,,2259,451.1,544,8.9
MCO,2006,2006-12-31,539.4,291.9,2.25,1259.5,1497.7,3,753.9,753.9,2006-12-31,1260.5,506.6,,2037.1,359.3,238.20000000000005,-2
MCO,2005,2005-12-31,452.9,305.6,1.84,939.6,1278.7,5,560.8,560.8,2005-12-31,934.7,373.9,,1731.6,303.9,339.1,-9.9
MCO,2004,2004-12-31,375.4,304.7,1.4,786.4,1062.9,-16.2,425.1,425.1,2004-12-31,771.3,346.2,,1438.3,242.4,276.5,1.1
MCO,2003,2003-12-31,347.3,304.6,1.19,663.1,899.3,-21.8,363.9,363.9,2003-12-31,656.4,292.5,,1246.6,203.6,236.2,15.1
MCO,2002,2002-12-31,285.3,315,0.92,538.1,738,-21.2,288.9,288.9,2002-12-31,517.4,228.5,,1023.3,175.3,199.89999999999998,0.5
MCO,2001,2001-12-31,239.6,320.4,0.67,398.5,557.1,-16.5,212.2,212.2,2001-12-31,381.9,169.7,,796.7,141.6,158.6,-0.1
MCO,2000,2000-12-31,189.6,326,0.49,288.5,412.7,-3.6,158.5,158.5,2000-12-31,284,125.5,,602.3,107.6,124.20000000000002,-0.9
MCO,1999,1999-12-31,184.9,328.6,0.46,270.4,379.3,,155.6,155.6,1999-12-31,278.9,123.3,,564.2,95.9,108.9,-0.7
MCO,1998,1998-12-31,178.1,343.4,0.39,225.5,335.8,,142,142,1998-12-31,237.9,95.9,,513.9,94.9,110.29999999999998,-0.2
MCO,1997,1997-12-31,158,345.1,0.37,190,299.4,,105.9,126.2,1997-12-31,190.2,64,,457.4,93.2,109.39999999999998,0.2
MCO,1996,1996-12-31,,343.2,0.22,133.3,,,77,77,1996-12-31,133,56,,385.3,,252,-0.3
MCO,1995,1995-12-31,,343.2,0.26,114.6,,,88.2,88.2,1995-12-31,114.9,26.7,,329.7,,215.1,0.3
MS,2019,2019-12-31,14897,1640,5.19024,11301,38926,,9042,9237,2019-12-31,11301,2064,,53823,25256,27625,
MS,2018,2018-12-31,12479,1738,4.73303,11237,37714,,8748,8887,2018-12-31,11237,2350,,50193,23995,26477,
MS,2017,2017-12-31,7790,1821,3.73806,10403,35852,,6111,7435,2017-12-31,10403,2968,,43642,23064,25449,
MS,2016,2016-12-31,5238,1887,2.91839,8848,32711,,5979,6122,2016-12-31,8848,2726,,37949,21688,23863,
MS,2015,2015-12-31,4634,1952.81545,2.91221,8495,33263,,6127,6295,2015-12-31,8495,2200,,37897,22144,24768,
MS,2014,2014-12-31,5484,1971,1.61,3591,32469,,3467,3681,2014-12-31,3591,-90,,37953,23667,28878,5211
MS,2013,2013-12-31,6142,1957,1.38,4482,30706,,2932,3656,2013-12-31,4482,826,,36848,22076,26224,4148
MS,2012,2012-12-31,1536,,,515,30500,,68,754,2012-12-31,515,-239,,32036,21606,29985,2455
MS,2011,2011-12-31,1652,1675,1.69,6114,37658,,4111,4696,2011-12-31,6114,1418,,39310,22187,31544,2450
MS,2010,2010-12-31,1431,1411,1.12,6202,36605,,4703,5463,2010-12-31,6202,739,,38036,21776,30403,2213
MS,2009,2009-12-31,1190,1185,-0.95,857,28880,,1346,1193,2009-12-31,857,-336,,30070,19467,28023,1844
MS,2008,2008-12-31,101,1002,-1.62,-2009,111,,-1288,-1285,2008-12-31,-2009,-724,,212,993,2120,110
MS,2007,2008-11-30,1659,1096,1.54,2287,60603,,1707,1807,2008-11-30,2287,480,,62262,17519,58316,3274
MS,2006,2007-11-30,1656,1054,2.37,3441,83672,-47,3209,2563,2007-11-30,3394,831,,85328,21800,80231,1129
MS,2005,2006-11-30,2062,1055,7.09,11000,74489,-228,7472,7497,2006-11-30,10772,3275,,76551,20350,63489,1202
MS,2004,2005-11-30,1948,1080,4.64,7361,50133,-311,4939,5192,2005-11-30,7050,1858,,52081,16829,42772,1769
MS,2003,2004-11-30,1857,1105,4.08,6685,37692,-328,4531,4554,2004-11-30,6357,1803,,39549,14717,31007,1431
MS,2002,2003-11-30,2105,1099,3.45,5767,32828,-279,3941,3941,2003-11-30,5488,1547,,34933,12729,27061,1523
MS,2001,2002-11-30,2111,1110,2.83,4720,30304,,3075,3075,2002-11-30,4720,1645,,32415,12364,25584,1015
MS,2000,2001-11-30,1716,1122,3.19,5684,42011,,3521,3610,2001-11-30,5684,2074,,43727,14320,36327,1228
MS,1999,2000-11-30,1329,1145,4.71,8491,44084,,5456,5456,2000-11-30,8526,3070,,45413,16359,35593,1058
MS,1998,1999-11-30,1014,1160,4.1,7728,32914,,4791,4791,1999-11-30,7728,2937,,33928,12881,25186,915
MS,1997,1998-11-30,1725,1213,2.4,4700,29406,,3276,3393,1998-11-30,5385,1992,,31131,10447,24706,745
MS,1996,1997-11-30,1953,1213,2.12,4274,25179,,2586,2586,1997-11-30,4274,1688,,27132,9255,20905,770
MS,1995,1996-11-30,1531,1214,1.58,3117,20640,,1980,1980,1996-11-30,3117,1137,,22171,7921,17523,668
MS,1994,1995-12-31,744,1216,1.18,2292,17988,,1465,1465,1995-12-31,2292,827,,18732,7447,15696,
MS,1993,1994-12-31,548,1213,0.98,1962,15309,,1257,1257,1994-12-31,1962,705,,15857,6650,13347,
MSI,2019,2019-12-31,3956,175.6,5.79534,1517,3931,-253,868,871,2019-12-31,1001,130,687,7887,1403,2414,-263
MSI,2018,2018-12-31,3863,172,5.84721,1256,3480,-246,966,890,2018-12-31,1102,212,637,7343,1254,2224,92
MSI,2017,2017-12-31,3356,162.9,4.39405,1282,3024,-198,-192,686,2017-12-31,1076,390,568,6380,979,1742,-8
MSI,2016,2016-12-31,3169,173.1,3.6852,1042,2869,-282,560,562,2016-12-31,844,282,553,6038,1044,1827,84
MSI,2015,2015-12-31,2976,201.8,3.45638,988,2719,-69,610,643,2015-12-31,917,274,620,5695,1021,1731,-2
MSI,2014,2014-12-31,3050,246,-2.61,-1043,2831,-116,1299,-696,2014-12-31,-1161,-465,681,5881,1184,3874,-2
MSI,2013,2013-12-31,4455,271,4.56,1209,4241,-67,1099,1105,2013-12-31,1145,40,1055,8696,1838,3032,3
MSI,2012,2012-12-31,4350,297,3.02,1242,4348,-40,881,878,2012-12-31,1215,337,1075,8698,1963,3106,13
MSI,2011,2011-12-31,4057,340,3.12,773,4146,-43,1158,741,2011-12-31,738,-3,1035,8203,1912,3373,8
MSI,2010,2010-12-31,12384,338,0.74,749,6898,-89,633,271,2010-12-31,677,406,2530,19282,3367,6149,17
MSI,2009,2009-12-31,14987,328,0.35,-158,7057,-16,-51,-88,2009-12-31,-165,-77,3183,22044,3381,7215,9
MSI,2008,2008-12-31,21751,324,-7.82,-2998,8395,46,-4244,-4244,2008-12-31,-2637,1607,4109,30146,4330,11393,315
MSI,2007,2007-12-31,26670,330,1.12,-615,9952,238,-49,-105,2007-12-31,-390,-285,4429,36622,5092,10567,-13
MSI,2006,2006-12-31,30152,358,9.55,4092,12727,367,3661,3261,2006-12-31,4610,1349,4106,42879,4504,8635,151
MSI,2005,2005-12-31,25066,361,13.03,4626,11777,1894,4578,4599,2005-12-31,6520,1921,3680,36843,3859,7151,-22
MSI,2004,2004-12-31,20823,353,6.82,3035,10500,228,1532,2191,2004-12-31,3252,1061,3060,31323,4209,7465,-11
MSI,2003,2003-12-31,18101,336,3.48,1084,8957,348,893,893,2003-12-31,1293,400,3771,27058,4073,7873,-139
MSI,2002,2002-12-31,17938,326,-3.99,-1813,8741,-260,-2485,-2485,2002-12-31,-3446,-961,3754,26679,4147,10554,-1373
MSI,2001,2001-12-31,21445,316,-10.46,-5511,8559,,-3937,-3937,2001-12-31,-5511,-1574,4318,30004,3703,14070,3328
MSI,2000,2000-12-31,23628,322,6.2,2231,13952,,1318,1318,2000-12-31,2231,913,4437,37580,5141,11721,517
MSI,1999,1999-12-31,19169,268,1.81,1168,11762,,817,817,1999-12-31,1168,351,3438,30931,5045,10594,
MSI,1998,1998-12-31,20886,257,1.27,-1374,8512,,-962,-962,1998-12-31,-1374,-412,,29398,5493,9886,
MSI,1997,1997-12-31,20003,262,4.52,1816,9791,,1180,1180,1997-12-31,1816,636,,29794,5515,7975,
MSI,1996,1996-12-31,18990,261,4.44,1775,8983,0,1154,1154,1996-12-31,1775,621,,27973,4715,7208,
MSI,1995,1995-12-31,17545,261,6.84,2782,9492,,1781,1781,1995-12-31,2782,1001,,27037,4642,6710,
MSI,1994,1994-12-31,13760,254,6.2,2437,8485,,1560,1560,1994-12-31,2437,877,,22245,4381,6048,
MSI,1993,1993-12-31,10351,250,4.15,1525,6612,,1022,1022,1993-12-31,1525,503,,16963,3776,5087,
MSI,1992,1992-12-31,8508,243,2.44,800,4795,,453,576,1992-12-31,800,224,,13303,2838,3995,
MSI,1991,1991-12-31,7245,226,2.01,613,4096,,454,454,1991-12-31,613,159,,11341,2468,3483,
MSI,1990,1990-12-31,6882,225,2.22,666,4003,,499,499,1990-12-31,666,167,,10885,2414,3337,
MSI,1989,1989-12-31,5905,223,2.23,646,3715,,498,498,1989-12-31,646,148,,9620,2289,3069,
MSI,1988,1988-12-31,5040,222,2,612,3210,,445,445,1988-12-31,612,167,,8250,1957,2598,
MSI,1987,1987-12-31,4071,221,1.39,418,2656,,308,308,1987-12-31,418,110,,6727,1665,2238,
MSI,1986,1986-12-31,3656,217,0.89,267,2249,,194,194,1986-12-31,267,73,,5905,1437,1982,
MSI,1985,1985-12-31,3406,204,0.35,45,2037,,72,72,1985-12-31,45,-27,,5443,1475,1992,
MSI,1984,1984-12-31,3206,203,1.91,466,2328,,387,387,1984-12-31,466,79,,5534,1475,1862,
MSI,1983,1983-12-31,2593,201,1.22,309,1735,,244,244,1983-12-31,309,65,,4328,1113,1426,
MSCI,2019,2019-12-31,294.961,85.536,6.5896,755.701,1262.835,-131.638,563.648,563.648,2019-12-31,603.318,39.67,98.334,1557.796,329.391,507.134,-20.745
MSCI,2018,2018-12-31,287.335,89.701,5.53712,686.898,1146.649,-113.445,507.885,496.685,2018-12-31,629.896,133.211,81.411,1433.984,292.805,459.75100000000003,56.443
MSCI,2017,2017-12-31,273.681,91.914,3.68249,579.77,1000.491,-109.784,303.972,338.472,2017-12-31,466.899,128.427,75.849,1274.172,264.885,420.72100000000006,-3.087
MSCI,2016,2016-12-31,252.107,96.54,2.70204,488.104,898.562,-97.179,260.855,260.855,2016-12-31,385.938,125.083,75.204,1150.669,253.901,410.4580000000001,-4.987
MSCI,2015,2015-12-31,267.695,109.926,2.09266,403.898,807.318,-60.855,223.648,230.038,2015-12-31,349.554,119.516,77.32,1075.013,248.301,403.42,6.511
MSCI,2014,2014-12-31,308.6,116.7,1.7,337.2,688.1,-31.8,284.1,198.9,2014-12-31,308.3,109.4,,996.7,279.4,350.9,3
MSCI,2013,2013-12-31,328.3,121.1,1.83,371.5,707.4,-25.4,222.6,222.6,2013-12-31,345.6,123.1,,1035.7,255.3,335.90000000000003,-0.5
MSCI,2012,2012-12-31,288.1,123.2,1.5,346.9,662.1,-55.5,184.2,184.2,2012-12-31,289.4,105.2,,950.1,233.2,315.1,-2.1
MSCI,2011,2011-12-31,277.1,122.3,1.43,322,623.8,-55,173.5,173.5,2011-12-31,263.4,90,,900.9,213,301.79999999999995,-3.6
MSCI,2010,2010-12-31,21,121.8,0.11,26.7,51.5,-6,13.8,13.8,2010-12-31,20.6,6.7,,72.5,17.5,24.9,-0.1
MSCI,2009,2010-11-30,198.6,113.4,0.85,206.1,464.3,-50.3,92.2,92.2,2010-11-30,153.5,61.3,,662.9,190.2,258.20000000000005,-2.3
MSCI,2008,2009-11-30,118.7,100.9,0.81,151,324.3,-18.6,81.8,81.8,2009-11-30,131.7,49.9,,442.9,135.8,173.3,-0.6
MSCI,2007,2008-11-30,124.7,101.2,0.67,135.8,306.3,-18.8,68.3,68.3,2008-11-30,109.6,41.4,,431,142,170.5,-7.4
MSCI,2006,2007-11-30,121.7,84.6,0.96,129.3,248.2,3.6,81.1,81.1,2007-11-30,133.3,52.2,,369.9,92.5,118.8,0.4
MSCI,2005,2006-11-30,115.4,83.9,0.83,93,195.3,15.1,77.7,69.6,2006-11-30,109.2,39.5,,310.7,76.1,102.29999999999998,1
MSCI,2004,2005-11-30,106.6,83.9,0.57,69.2,171.9,6.9,51.9,47.8,2005-11-30,76.4,28.6,,278.5,74.7,102.70000000000002,0.4
MSCI,2003,2004-11-30,86.4,83.9,0.21,25.8,92,0.6,17.8,17.9,2004-11-30,26.4,8.5,,178.4,51.3,66.19999999999999,0
MSCI,2002,2003-11-30,44.7,83.9,0.13,16.2,46.6,0.8,11.2,11.2,2003-11-30,17,5.8,,91.3,30.4,30.39999999999999,0
MSCI,2001,2002-11-30,44.8,83.9,0.13,14.4,39,0.8,10.5,10.5,2002-11-30,15.3,4.8,,83.8,24.6,24.60000000000001,0
MYL,2019,2019-12-31,6948.6,516.5,1.1795,704.8,4551.9,-587.3,16.8,16.8,2019-12-31,154.4,137.6,518.8,11500.5,2416.9,3847.1000000000004,36.9
MYL,2018,2018-12-31,6861.9,516.5,1.72259,880.2,4572,-566.2,352.5,338,2018-12-31,298.4,-39.6,568.7,11433.9,2274.3,3691.800000000001,-15.6
MYL,2017,2017-12-31,6931.5,536.7,2.44739,1423.3,4976.2,-493.9,696,824.6,2017-12-31,903,78.4,657.2,11907.7,2360.3,3552.8999999999996,-26.4
MYL,2016,2016-12-31,6185.4,520.5,2.68137,543.6,4891.5,-495.5,480,480,2016-12-31,121.7,-358.3,697.8,11076.9,2241.4,4347.9,73.6
MYL,2015,2015-12-31,5047.1,497.4,2.60516,1453.7,4382.2,-323.8,847.6,847.7,2015-12-31,915.4,67.7,651.6,9429.3,1792.9,2928.5,-214.5
MYL,2014,2014-12-31,4050.2,373.7,3.34307,1363.5,3669.4,-344.2,929.4,933.1,2014-12-31,974.5,41.4,563.9,7719.6,1487.9,2305.9000000000005,-44.8
MYL,2013,2013-12-31,3796,383,2.17,1110,3113,-250,624,627,2013-12-31,747,121,456,6909,1294,2003,-114
MYL,2012,2012-12-31,3781,415,1.97,1110,3016,-259,641,643,2012-12-31,804,161,389,6796,1288,1905,-47
MYL,2011,2011-12-31,3558,439,1.42,1005,2572,-302,537,539,2011-12-31,655,116,291,6130,1170,1567,-49
MYL,2010,2010-12-31,3226,329,1.29,720,2224,-364,345,346,2010-12-31,356,10,272,5451,1023,1504,-1
MYL,2009,2009-12-31,3018,307,0.93,523,2074,-318,233,248,2009-12-31,227,-21,275,5093,1050,1551,22
MYL,2008,2008-12-31,3067,304,0.25,298,2070,-381,-196,-200,2008-12-31,-72,129,317,5138,1053,1773,11
MYL,2007,2007-12-31,1304,257,0.4,-988,874,-196,-1148,-1151,2007-12-31,-1098,53,146,2179,450,1863,87
MYL,2006,2007-03-31,768,219,1.55,428,844,-52,217,217,2007-03-31,426,208,104,1612,216,416,50
MYL,2005,2006-03-31,630,234,0.82,287,628,-31,185,185,2006-03-31,275,90,102,1257,225,340,19
MYL,2004,2005-03-31,630,274,0.68,302,624,0,204,204,2005-03-31,312,109,88,1253,259,321,10
MYL,2003,2004-03-31,612,276,1.13,495,762,0,335,335,2004-03-31,513,178,101,1375,202,268,18
MYL,2002,2003-03-31,598,282,0.96,414,671,-5,272,272,2003-03-31,427,154,87,1269,173,257,17
MYL,2001,2002-03-31,480,287,0.91,395,624,-5,260,260,2002-03-31,408,148,59,1104,170,229,18
MYL,2000,2001-03-31,465,285,0.46,20,382,-1,37,37,2001-03-31,58,21,64,847,151,362,40
MYL,1999,2000-03-31,369,293,0.53,223,421,-4,154,154,2000-03-31,243,88,49,790,149,198,24
MYL,1998,1999-03-31,339,286,0.5,168,382,5,115,115,1999-03-31,192,77,62,721,122,214,18
MYL,1997,1998-03-31,288,277,0.36,124,267,10,101,101,1998-03-31,148,48,46,555,97,143,14
MYL,1996,1997-03-31,260,276,0.23,58,181,19,63,63,1997-03-31,87,24,43,440,80,122,10
MYL,1995,1996-03-31,198,272,0.38,100,195,25,102,102,1996-03-31,142,39,39,393,56,95,17
MYL,1994,1995-03-31,170,270,0.45,138,227,25,121,121,1995-03-31,171,50,31,396,58,88,8
MYL,1993,1994-03-31,126,269,0.27,55,126,24,73,73,1994-03-31,87,14,22,252,49,70,8
MYL,1992,1993-03-31,89,263,0.27,72,123,21,71,71,1993-03-31,97,27,14,212,37,51,4
MYL,1991,1992-03-31,70,261,0.15,26,62,19,40,40,1992-03-31,50,10,8,132,28,36,5
MYL,1990,1991-03-31,58,258,0.13,18,46,17,33,33,1991-03-31,39,6,6,105,21,28,4
MYL,1989,1990-03-31,61,257,0.1,20,46,8,27,27,1990-03-31,33,6,6,107,20,26,5
MYL,1988,1989-03-31,52,244,0.07,21,36,0,18,18,1989-03-31,23,5,5,88,9,15,2
MYL,1987,1988-03-31,47,244,0.1,35,49,0,25,25,1988-03-31,37,12,5,96,10,14,3
MYL,1986,1987-03-31,42,243,0.1,40,53,0,23,23,1987-03-31,42,18,4,95,8,13,1
MYL,1985,1986-03-31,34,243,0.09,36,47,0,21,21,1986-03-31,38,18,4,81,7,11,2
MYL,1984,1985-03-31,24,243,0.05,22,29,0,12,12,1985-03-31,23,11,3,54,4,8,1
MYL,1983,1984-03-31,23,239,0.02,8,14,0,5,5,1984-03-31,8,3,3,37,3,6,0
MYL,1982,1983-03-31,22,237,0.01,6,10,0,3,3,1983-03-31,6,2,2,32,2,4,0
NDAQ,2019,2019-12-31,1727,166.97016,4.69545,1044,2535,-19,774,774,2019-12-31,1019,245,,4262,1248,1491,-6
NDAQ,2018,2018-12-31,1751,167.6913,4.41287,1061,2526,10,458,748,2018-12-31,1064,316,,4277,1267,1465,-7
NDAQ,2017,2017-12-31,1537,169.58503,3.67957,991,2411,-113,729,640,2017-12-31,872,232,,3948,1178,1420,-6
NDAQ,2016,2016-12-31,1428,168.801,3.90941,261,2277,-125,108,108,2016-12-31,136,28,,3705,1151,2016,
NDAQ,2015,2015-12-31,1313,171.28327,3.21897,720,2090,-90,428,427,2015-12-31,630,203,,3403,1050,1370,
NDAQ,2014,2014-12-31,1433,173,2.92,705,2067,-111,414,413,2014-12-31,594,181,,3500,1095,1362,
NDAQ,2013,2013-12-31,1316,171.3,2.42,674,1895,-74,385,384,2013-12-31,600,216,,3211,1054,1221,
NDAQ,2012,2012-12-31,1446,172.6,2.42,650,1674,-88,352,349,2012-12-31,548,199,,3120,832,1024,
NDAQ,2011,2011-12-31,1748,180,2.31,678,1690,-105,387,383,2011-12-31,573,190,,3438,847,1012,
NDAQ,2010,2010-12-31,1675,206.5,2.62,734,1522,-94,498,492,2010-12-31,629,137,,3197,784,788,
NDAQ,2009,2009-12-31,1958,214.5,2.35,707,1453,-199,370,367,2009-12-31,495,128,,3411,729,746,-25
NDAQ,2008,2008-12-31,2190,204.5,2.34,691,1460,-85,407,408,2008-12-31,606,198,,3650,702,769,
NDAQ,2007,2007-12-31,1624.4,152.5,3.71,404.3,812.2,428.5,557.3,557.3,2007-12-31,832.8,275.5,,2436.6,407.9,407.89999999999986,
NDAQ,2006,2006-12-31,970.4,144.2,1.47,285,687.4,-1,198.8,198.8,2006-12-31,284.1,85.3,,1657.8,396.4,402.30000000000007,
NDAQ,2005,2005-12-31,353.9,111.9,1.17,180.6,526,-7.4,128.7,128.7,2005-12-31,173.2,44.6,,879.9,345.4,345.4,
NDAQ,2004,2004-12-31,55.8,78.6,0.83,84.5,484.6,-5.6,87.7,78.1,2004-12-31,78.9,0.7,,540.4,400.1,400.09999999999997,
NDAQ,2003,2003-12-31,0,78.4,0.09,-57.3,589.8,-9,-105.4,-45.1,2003-12-31,-66.4,-21.2,,589.8,451.3,647.2,
NDAQ,2002,2002-12-31,0,84.1,0.77,111.8,787.2,-5.9,43.1,65,2002-12-31,105.9,40.9,,787.2,546.1,675.3,
NDAQ,2001,2001-12-31,,116.5,1.57,167.2,,14.9,162.5,182.1,2001-12-31,182.1,0,,848.1,611.6,680.8,
NDAQ,2000,2000-12-31,,112.1,1.12,196.7,,18.2,23.3,124.4,2000-12-31,214.9,90.5,,832.7,551,636,
NOV,2019,2019-12-31,7634,382,-5.89411,-6279,845,-105,-6095,-6093,2019-12-31,-6462,-369,,8479,1303,7124,-78
NOV,2018,2018-12-31,7009,378,-0.0459,211,1444,-50,-31,-22,2018-12-31,41,63,,8453,1233,1233,-120
NOV,2017,2017-12-31,6412,377,-1.27056,-277,892,-22,-237,-478,2017-12-31,-392,86,,7304,1169,1169,-93
NOV,2016,2016-12-31,7352,376,-4.73457,-2411,-101,-136,-2412,-2416,2016-12-31,-2623,-207,,7251,1338,2310,-76
NOV,2015,2015-12-31,11694,387,0.84974,-390,3063,-169,-769,-767,2015-12-31,-589,178,,14757,1764,3453,-30
NOV,2014,2014-12-31,15631,430,5.87,3613,5809,6,2502,2455,2014-12-31,3494,1039,,21440,2092,2196,-125
NOV,2013,2013-12-31,17380,428,5.44,3423,5489,-24,2327,2328,2013-12-31,3346,1018,,22869,2066,2066,-53
NOV,2012,2012-12-31,14702,427,5.83,3557,5339,-2,2491,2483,2012-12-31,3505,1022,,20041,1782,1782,-50
NOV,2011,2011-12-31,10161,424,4.77,2937,4497,24,1994,1985,2011-12-31,2922,937,,14658,1560,1560,-39
NOV,2010,2010-12-31,8324,419,3.99,2447,3832,-31,1667,1659,2010-12-31,2397,738,,12156,1385,1385,-19
NOV,2009,2009-12-31,8928,417,3.96,2315,3784,-76,1469,1473,2009-12-31,2208,735,,12712,1322,1469,-31
NOV,2008,2008-12-31,9360,399,4.9,2918,4072,20,1952,1969,2008-12-31,2961,993,,13431,1154,1154,24
NOV,2007,2007-12-31,6959,355,3.76,2044,2830,2,1337,1353,2007-12-31,2029,676,,9789,786,786,-18
NOV,2006,2006-12-31,5265,354,1.95,1111,1761,-31,684,694,2006-12-31,1049,356,,7026,642,650,-31
NOV,2005,2005-12-31,3657,317,0.97,477,987,-48,287,291,2005-12-31,430,139,,4645,479,511,1
NOV,2004,2004-12-31,1814,173,0.67,176,504,-35,115,117,2004-12-31,139,22,,2318,328,328,-2
NOV,2003,2003-12-31,1541,170,0.45,159,464,-37,77,83,2003-12-31,117,34,,2005,305,305,-6
NOV,2002,2002-12-31,1160,163,0.45,134,362,-25,73,73,2002-12-31,112,39,,1522,228,228,3
NOV,2001,2001-12-31,1320,163,0.64,189,428,-23,104,104,2001-12-31,168,64,,1747,239,238,2
NOV,2000,2000-12-31,885,162,0.17,48,265,-16,13,13,2000-12-31,27,14,,1150,187,216,-5
NOV,1999,1999-12-31,604,117,0.01,22,142,-15,2,2,1999-12-31,5,3,,745,120,119,-3
NOV,1998,1998-12-31,899,106,0.75,121,273,-12,69,69,1998-12-31,109,40,,1172,135,152,0
NOV,1997,1997-12-31,881,108,0.57,92,217,-6,54,55,1997-12-31,86,31,,1097,114,125,0
NTAP,2020,2020-04-24,1789,233,3.50013,935,3623,-7,819,819,2020-04-24,944,125,847,5412,1848,2688,16
NTAP,2019,2019-04-26,2201,259,4.37825,1221,3945,45,1169,1169,2019-04-26,1268,99,827,6146,1935,2724,2
NTAP,2018,2018-04-27,2210,276,2.88735,1158,3709,8,116,974,2018-04-27,1199,225,783,5919,1986,2551,33
NTAP,2017,2017-04-28,2127,281,1.82751,621,3364,-7,481,481,2017-04-28,621,140,779,5491,1922,2743,7
NTAP,2016,2016-04-29,2173,297,0.91631,348,3373,-3,229,229,2016-04-29,345,116,861,5546,2099,3025,
NTAP,2015,2015-04-24,2289.5,320.7,1.75,716.5,3833.2,-3.7,559.9,559.9,2015-04-24,712.8,152.9,919.3,6122.7,2197.4,3116.7,0
NTAP,2014,2014-04-25,2406,347.9,2.05,734.3,3919.1,-1.2,637.5,637.5,2014-04-25,740.7,103.2,917.3,6325.1,2179.2,3184.8,7.6
NTAP,2013,2013-04-26,2571.3,368,1.38,607.8,3761.1,-49.5,505.3,505.3,2013-04-26,566.6,61.3,904.2,6332.4,2247.4,3153.3,8.3
NTAP,2012,2012-04-27,2519.8,384.3,1.6,746.5,3713.4,-36.5,605.4,605.4,2012-04-27,712.4,107,828.2,6233.2,2128.9,2966.8999999999996,2.4
NTAP,2011,2011-04-29,1793.9,393.7,1.73,824.3,3328.7,-32.5,673.1,673.1,2011-04-29,794.1,121,648.6,5122.6,1848.3,2504.4,2.3
NTAP,2010,2010-04-30,1412.2,353.2,1.04,488.4,2519.2,-39,400.4,400.4,2010-04-30,447,46.6,535.7,3931.4,1532.5,2030.8,-2.4
NTAP,2009,2009-04-24,1416.5,334.6,0.36,17.7,1989.9,-5.8,64.6,64.6,2009-04-24,8.3,-56.3,498.5,3406.4,1389.8,1972.1999999999998,-3.6
NTAP,2008,2008-04-25,1289.8,361.1,0.86,313.6,2013.4,69.2,309.7,309.7,2008-04-25,382.7,73,452.2,3303.2,1247.1,1699.8,-0.1
NTAP,2007,2007-04-27,1099.8,388.5,0.71,301.2,1704.5,55.7,297.7,297.7,2007-04-27,359.7,62,385.4,2804.3,1043.3,1403.2,2.8
NTAP,2006,2006-04-28,810,388.4,0.7,308.3,1256.5,40.3,266.5,266.5,2006-04-28,350.3,83.8,251.3,2066.5,692,948.2,1.6
NTAP,2005,2005-04-29,623.1,380.4,0.59,253.2,975,24.2,225.8,225.8,2005-04-29,276.2,50.5,176.3,1598.1,545.8,721.8000000000001,-1.2
NTAP,2004,2004-04-30,465.8,366.2,0.43,158.5,704.5,14.2,152.1,152.1,2004-04-30,170.5,18.4,131.9,1170.3,407.9,546,-2.2
NTAP,2003,2003-04-30,345.6,350.1,0.22,87.6,546.4,11,76.5,76.5,2003-04-30,97.8,21.3,112.9,892.1,344.7,458.9,-1.4
NTAP,2002,2002-04-30,323.6,350.5,0.07,-1.1,474.8,5.5,3,3,2002-04-30,2.5,-0.5,116.7,798.4,331.7,475.79999999999995,-1.9
NTAP,2001,2001-04-30,404.3,359.8,0.31,109.7,601.9,22.2,74.9,74.9,2001-04-30,133,58.1,120.9,1006.2,335.5,492.2,1.1
NTAP,2000,2000-04-30,235.8,345.2,0.21,105.4,343.5,10.8,73.8,73.8,2000-04-30,114.4,40.6,61.6,579.3,176.3,238.09999999999997,-1.8
NTAP,1999,1999-04-30,118.1,311.7,0.11,55.1,171.3,2.6,35.6,35.6,1999-04-30,57,21.4,30,289.4,86,116.20000000000002,-0.8
NTAP,1998,1998-04-30,67.5,287.6,0.07,32.7,98.6,1.1,21,21,1998-04-30,33.5,12.6,16.6,166.2,49.3,66,-0.2
NTAP,1997,1997-04-30,38.1,275.2,0.05,3.1,55.3,1,0.3,0.3,1997-04-30,4,3.8,9,93.3,28.4,52.199999999999996,-0.1
NTAP,1996,1996-04-30,20.6,251.7,0.03,6,26.1,0.6,6.6,6.6,1996-04-30,6.6,0,4.8,46.6,15.3,20,
NTAP,1995,1995-04-30,8,200.5,-0.02,-4.9,6.8,0.1,-4.8,-4.8,1995-04-30,-4.8,0,2.6,14.8,9.1,11.7,
NTAP,1994,1994-04-30,1.1,200.5,-0.01,-2,1.2,0.1,-1.9,-1.9,1994-04-30,-1.9,0,0.8,2.2,2.3,3.1,
NTAP,1993,1993-04-30,0,200.5,0,-0.8,0,0,-0.8,-0.8,1993-04-30,-0.8,0,0.4,0,0.5,0.8,
NFLX,2019,2019-12-31,12440.213,451.765,3.85019,2604.254,7716.234,-542.023,1866.916,1739.382,2019-12-31,2062.231,322.849,1545.149,20156.447,3566.831,5111.98,
NFLX,2018,2018-12-31,9967.538,451.244,2.62018,1605.226,5826.803,-378.768,1211.242,1182.341,2018-12-31,1226.458,44.117,1221.814,15794.341,2999.763,4221.576999999999,
NFLX,2017,2017-12-31,7659.666,446.814,1.42795,838.679,4033.047,-353.358,558.929,638.029,2017-12-31,485.321,-152.708,1052.778,11692.713,2141.59,3194.3679999999995,
NFLX,2016,2016-12-31,6029.901,438.652,0.42557,379.793,2800.768,-119.286,186.678,186.678,2016-12-31,260.507,73.829,852.098,8830.669,1568.877,2420.9750000000004,
NFLX,2015,2015-12-31,4591.476,436.456,0.28099,305.826,2188.035,-163.941,122.641,122.641,2015-12-31,141.885,19.244,650.788,6779.511,1231.421,1882.2090000000007,
NFLX,2014,2014-12-31,3753,432,0.62,403,1752,-53,267,267,2014-12-31,349,83,472,5505,877,1349,
NFLX,2013,2013-12-31,3117,425,0.3,203,1257,-32,112,112,2013-12-31,171,59,379,4375,650,1054,
NFLX,2012,2012-12-31,2652,412,0.04,50,957,-20,17,17,2012-12-31,30,13,329,3609,578,907,
NFLX,2011,2011-12-31,2040,381,0.59,376,1165,-17,226,226,2011-12-31,360,133,259,3205,530,789,
NFLX,2010,2010-12-31,1356,380,0.41,284,806,-16,161,161,2010-12-31,268,107,163,2163,366,523,
NFLX,2009,2009-12-31,1079,409,0.28,192,591,0,116,116,2009-12-31,192,76,115,1670,289,399,
NFLX,2008,2008-12-31,910,440,0.18,122,455,10,83,83,2008-12-31,132,48,90,1365,250,333,
NFLX,2007,2007-12-31,786,482,0.12,92,420,19,67,67,2007-12-31,111,44,71,1205,271,328,
NFLX,2006,2006-12-31,627,484,0.09,65,370,15,49,49,2006-12-31,80,31,48,997,261,304,
NFLX,2005,2005-12-31,465,459,0.09,3,218,5,42,42,2005-12-31,8,-34,35,682,181,214,
NFLX,2004,2004-12-31,332,453,0.04,19,169,2,22,22,2004-12-31,22,0,29,501,123,149,
NFLX,2003,2003-12-31,179,440,0.01,4,91,2,7,7,2003-12-31,7,0,22,270,66,87,
NFLX,2002,2002-12-31,98,197,-0.11,-11,55,-10,-21,-21,2002-12-31,-21,0,18,153,48,65,
NFLX,2001,2001-12-31,63,197,-0.2,-38,13,-1,-39,-39,2001-12-31,-39,0,20,76,30,51,
NFLX,2000,2000-12-31,35,302,-0.19,-58,1,0,-57,-57,2000-12-31,-57,0,20,36,39,58,
NFLX,1999,1999-12-31,7,302,-0.1,-30,-2,0,-30,-30,1999-12-31,-30,0,9,5,20,28,
NFLX,1998,1998-12-31,2,302,-0.04,-11,-1,0,-11,-11,1998-12-31,-11,0,4,1,7,10,
NFLX,1997,1997-12-31,0,302,0,0,0,0,0,0,1997-12-31,0,0,0,0,0,0,
NWL,2019,2019-12-31,6495.5,423.9,2.39929,-510,3219.4,-308.7,106.6,186.1,2019-12-31,-851.6,-1037.7,149,9714.9,2302,3729.3999999999996,-32.9
NWL,2018,2018-12-31,6636.3,473.7,-2.43741,-7558.1,3517.7,-440.2,-6942.5,-6632.8,2018-12-31,-7991.7,-1358.9,151,10154,2496.8,11075.8,6.6
NWL,2017,2017-12-31,6289,488,1.86748,353.2,3263,-499.3,2748.8,778.6,2017-12-31,592.4,-186.2,158,9552,2547.6,2909.7999999999993,738.5
NWL,2016,2016-12-31,6210.2,421.3,0.0785,250.5,2970.9,-375.5,527.8,-38.3,2016-12-31,18.8,57.1,147,9181.1,2463.6,2720.4000000000005,143.8
NWL,2015,2015-12-31,3611.1,271.5,1.81004,428.7,2304.6,-91.2,350,259.3,2015-12-31,337.5,78.2,112.6,5915.7,1461.3,1875.9,0
NWL,2014,2014-12-31,3523.6,278.9,1.77593,571.5,2203.4,-109.3,377.8,373,2014-12-31,462.1,89.1,107.5,5727,1373,1631.9,-0.1
NWL,2013,2013-12-31,3514,292,1.74,621,2178,-79,475,420,2013-12-31,542,122,111,5693,1335,1558,0
NWL,2012,2012-12-31,3671,294,1.6,641,2232,-77,401,400,2012-12-31,566,166,125,5903,1364,1591,2
NWL,2011,2011-12-31,3659,296,2.19,252,2205,-102,125,135,2011-12-31,153,18,130,5865,1385,1953,3
NWL,2010,2010-12-31,3588,305,2.44,411,2171,-111,293,293,2010-12-31,300,8,,5759,1463,1760,0
NWL,2009,2009-12-31,3528,294,1.25,570,2050,-142,286,286,2009-12-31,428,143,,5578,1375,1479,-1
NWL,2008,2008-12-31,4347,277,0.92,149,2123,-146,-52,-52,2008-12-31,2,54,,6471,1503,1975,-1
NWL,2007,2007-12-31,4150,286,1.95,740,2257,-111,467,479,2007-12-31,629,150,,6407,1431,1517,0
NWL,2006,2006-12-31,4131,276,1.93,657,2070,-138,385,471,2006-12-31,515,44,,6201,1347,1413,-4
NWL,2005,2005-12-31,4448,275,1.63,522,1894,-127,251,356,2005-12-31,418,62,,6343,1266,1372,23
NWL,2004,2004-12-31,4842,274,0.95,199,1906,-120,-116,-19,2004-12-31,86,105,,6748,1268,1707,-2
NWL,2003,2003-12-31,5683,274,1.1,180,2067,-140,-47,-47,2003-12-31,20,67,,7750,1353,1887,-20
NWL,2002,2002-12-31,5394,268,1.54,606,2060,-106,-203,312,2002-12-31,469,157,,7454,1300,1454,-32
NWL,2001,2001-12-31,5039,267,1.41,571,1870,-155,265,265,2001-12-31,416,151,,6909,1156,1299,0
NWL,2000,2000-12-31,5103,278,1.87,832,1832,-130,422,422,2000-12-31,685,264,,6935,899,1000,-16
NWL,1999,1999-12-31,4672,282,0.87,344,1741,-100,95,95,1999-12-31,231,136,,6413,1104,1397,-13
NWL,1998,1998-12-31,2548,173,2.7,534,1172,-60,396,396,1998-12-31,685,289,,3720,583,638,211
NWL,1997,1997-12-31,2188,160,2.01,540,1046,-74,290,290,1997-12-31,481,190,,3234,474,507,15
NWL,1996,1996-12-31,1966,159,1.62,486,907,-57,256,256,1996-12-31,425,168,,2873,422,421,-4
NWL,1995,1995-12-31,1716,158,1.41,419,783,-50,222,222,1995-12-31,371,148,,2498,363,363,1
NWL,1994,1994-12-31,1404,158,1.24,358,671,-30,196,196,1994-12-31,329,134,,2075,313,313,1
NWL,1993,1993-12-31,1102,157,1.05,286,543,-19,165,165,1993-12-31,276,110,,1645,257,257,8
NWL,1992,1992-12-31,997,156,1.13,232,454,-20,119,163,1992-12-31,278,114,,1452,201,222,66
NWL,1991,1991-12-31,763,124,0.9,197,356,-16,112,112,1991-12-31,187,74,,1119,159,159,6
NWL,1990,1990-12-31,748,121,0.83,174,324,,101,101,1990-12-31,171,69,,1073,150,151,-3
NWL,1989,1989-12-31,809,120,0.7,165,314,,85,85,1989-12-31,146,60,,1123,149,149,-19
NWL,1988,1988-12-31,723,148,0.41,124,265,,61,61,1988-12-31,104,43,,988,141,141,-20
NWL,1987,1987-12-31,532,123,0.3,82,188,,37,37,1987-12-31,67,30,,720,105,106,-15
NWL,1986,1986-12-31,283,91,0.26,47,118,,24,24,1986-12-31,45,21,,401,71,71,-2
NWL,1985,1985-12-31,235,81,0.24,36,115,,19,19,1985-12-31,33,14,,350,79,79,-3
NWL,1984,1984-12-31,205,80,0.18,32,103,,14,14,1984-12-31,27,12,,308,71,71,-5
NWL,1983,1983-12-31,151,75,0.17,27,86,,13,13,1983-12-31,23,10,,237,59,59,-4
NEM,2019,2019-12-31,5195,737,1.61843,3685,4545,-85,2805,2861,2019-12-31,3693,832,415,9740,593,860,63
NEM,2018,2018-12-31,4093,535,0.6885,748,3160,-159,341,304,2018-12-31,738,434,350,7253,407,2412,49
NEM,2017,2017-12-31,4062,533,1.18996,1259,3317,-241,-114,651,2017-12-31,1072,421,322,7379,429,2058,31
NEM,2016,2016-12-31,3738,530,0.79019,-71,2942,-271,-629,-799,2016-12-31,-220,579,282,6680,402,3013,14
NEM,2015,2015-12-31,3578,516,0.03585,342,2507,-266,220,-96,2015-12-31,295,391,282,6085,494,2165,25
NEM,2014,2014-12-31,3919,499,1.26345,972,2900,-324,508,617,2014-12-31,821,204,322,6819,379,1928,47
NEM,2013,2013-12-31,5186,498,0.87,-3736,3136,84,-2462,-2772,2013-12-31,-3585,-813,469,8322,284,6872,61
NEM,2012,2012-12-31,4238,499,3.88,3038,5630,-196,1809,2245,2012-12-31,3114,869,704,9868,308,2592,167
NEM,2011,2011-12-31,3890,504,3.72,1862,6468,-156,366,1097,2011-12-31,1810,713,723,10358,318,4606,87
NEM,2010,2010-12-31,3484,500,4.49,4166,6056,-263,2277,3141,2010-12-31,3997,856,434,9540,243,1890,46
NEM,2009,2009-12-31,3049,487,2.68,2939,4656,-77,1297,2125,2009-12-31,2913,788,322,7705,187,1717,35
NEM,2008,2008-12-31,3144,455,2.27,1141,3055,65,853,1163,2008-12-31,1276,113,380,6199,185,1914,28
NEM,2007,2007-12-31,2978,452,2.8,-391,2548,-105,-1886,-552,2007-12-31,-352,200,250,5526,143,2939,144
NEM,2006,2006-12-31,2515,452,1.86,1271,2472,-97,791,1201,2006-12-31,1625,424,264,4987,149,1201,451
NEM,2005,2005-12-31,2320,449,0.98,893,2086,44,322,750,2005-12-31,1064,314,220,4406,134,1193,79
NEM,2004,2004-12-31,2303,447,1.32,1091,2221,-91,443,823,2004-12-31,1099,276,192,4524,116,1131,72
NEM,2003,2003-12-31,1700,414,0.98,719,1457,125,476,718,2003-12-31,925,207,115,3158,130,738,66
NEM,2002,2002-12-31,1572,373,0.5,263,1050,-94,158,196,2002-12-31,216,20,89,2622,115,787,41
NEM,2001,2001-12-31,1093,195,0.17,33,563,-87,-23,10,2001-12-31,-43,-53,56,1656,61,530,6
NEM,2000,2000-12-31,909,168,0.27,145,646,-41,-19,93,2000-12-31,104,11,64,1555,54,501,
NEM,1999,1999-12-31,832,168,0.17,197,567,-75,25,108,1999-12-31,122,14,58,1399,53,370,
NEM,1998,1998-12-31,825,159,0.25,-404,629,-58,-393,-281,1998-12-31,-462,-181,68,1454,50,1033,
NEM,1997,1997-12-31,800,156,1.11,154,773,-22,68,140,1997-12-31,132,-8,98,1573,66,619,
NEM,1996,1996-12-31,476,99,0.86,47,292,28,85,94,1996-12-31,75,-19,59,768,48,246,
NEM,1995,1995-12-31,371,87,1.17,-6,266,148,113,125,1995-12-31,142,17,57,636,46,271,
NEM,1994,1994-12-31,326,86,0.7,26,271,28,76,83,1994-12-31,54,-29,69,597,42,245,
NEM,1993,1993-12-31,334,85,0.92,82,295,42,133,106,1993-12-31,125,19,53,629,36,212,
NEM,1992,1992-12-31,316,85,1.04,100,290,1,79,99,1992-12-31,101,3,52,606,35,190,
NEM,1991,1991-12-31,302,85,1.11,87,321,48,94,107,1991-12-31,135,28,47,623,37,234,
NEM,1990,1990-12-31,349,85,1.99,148,334,107,343,183,1990-12-31,254,72,38,683,34,187,
NEM,1989,1989-12-31,323,84,1.54,101,260,66,126,141,1989-12-31,167,26,31,582,38,158,
NEM,1988,1988-12-31,209,84,0.54,23,185,77,175,57,1988-12-31,100,43,30,395,45,163,
NEM,1987,1987-12-31,124,80,3.98,15,153,393,341,329,1987-12-31,408,79,23,277,46,138,
NEM,1986,1986-12-31,115,76,1.72,46,117,117,74,133,1986-12-31,163,31,19,232,0,71,
NEM,1985,1985-12-31,140,76,-0.44,-9,110,-20,-35,-37,1985-12-31,-29,8,27,249,0,118,
NEM,1984,1984-12-31,128,76,0.46,16,99,33,41,35,1984-12-31,49,14,32,227,0,83,
NEM,1983,1983-12-31,564,75,0.76,-20,71,77,53,57,1983-12-31,57,-1,24,635,0,91,
NWSA,2020,2020-06-30,4936,587.9,-0.15734,-1524,4072,,-1269,-1545,2020-06-30,-1524,21,,9008,3059,5596,
NWSA,2019,2019-06-30,5622,587.9,0.46961,354,4452,,155,228,2019-06-30,354,126,,10074,3208,4098,
NWSA,2018,2018-06-30,4903,582.7,-1.87644,-752,4121,,-1514,-1271,2018-06-30,-1089,182,,9024,3049,4873,-337
NWSA,2017,2017-06-30,4529,581.4,-0.36163,-615,3610,,-738,-643,2017-06-30,-615,28,,8139,2725,4225,0
NWSA,2016,2016-06-30,4728,582.5,0.57717,152,3564,,179,235,2016-06-30,181,-54,,8292,2722,3412,29
NWSA,2015,2015-06-30,4952,581,0.57813,552,3572,,-147,367,2015-06-30,552,185,,8524,2627,3020,0
NWSA,2014,2014-06-30,5074,580,0.76,-178,3412,,239,436,2014-06-30,-178,-614,,8486,2449,3590,653
NWSA,2013,2013-06-30,5420,582,1.03,173,3471,,506,547,2013-06-30,173,-374,,8891,2783,3298,3
NWSA,2012,2012-06-30,5122,579,-0.42,-2377,3532,,-2075,-2040,2012-06-30,-2377,-337,,8654,2750,5909,7
NWSA,2011,2011-06-30,5234,579,1.2,961,3861,,678,704,2011-06-30,961,257,,9095,2648,2900,-47
NWSA,2010,2010-06-30,5008,579,0.44,461,3744,,243,259,2010-06-30,461,202,,8752,2931,3283,42
NWSA,2009,2009-06-30,,579,,,,,-2365,,2009-06-30,,,,,,,
NWSA,2008,2008-06-30,,579,,,,,876,,2008-06-30,,,,,,,
NEE,2019,2019-12-31,,1942,1.84706,5353,,-1836,3769,3477,2019-12-31,3836,359,,18442,,13851,252
NEE,2018,2018-12-31,,1908,1.74152,8207,,-1167,6638,5340,2018-12-31,7352,2012,,16350,,8520,216
NEE,2017,2017-12-31,,1890,1.61855,5173,,-1228,5380,3442,2017-12-31,4663,1221,,16719,,12000,626
NEE,2016,2016-12-31,,1863.2,1.44755,4459,,-829,2906,2999,2016-12-31,4378,1379,,15679,,11679,662
NEE,2015,2015-12-31,,1816,1.52609,4632,,-928,2752,2762,2015-12-31,3990,1228,,16554,,12854,216
NEE,2014,2014-12-31,,440,5.59,4384,,-984,2465,2469,2014-12-31,3645,1176,,16601,,12637,187
NEE,2013,2013-12-31,,427,4.51,3241,,-964,1908,1720,2013-12-31,2521,801,,15136,,11895,181
NEE,2012,2012-12-31,,419,4.64,3260,,-782,1911,1911,2012-12-31,2603,692,,14256,,10996,58
NEE,2011,2011-12-31,,419,5.03,3342,,-816,1923,1923,2011-12-31,2452,529,,15341,,11999,38
NEE,2010,2010-12-31,,413,4.77,3227,,-763,1957,1957,2010-12-31,2489,532,,15317,,12090,-12
NEE,2009,2009-12-31,,407,4.08,2536,,-659,1615,1615,2009-12-31,1942,327,,15643,,13107,12
NEE,2008,2008-12-31,,403,4.36,2677,,-630,1639,1639,2008-12-31,2089,450,,16410,,13733,7
NEE,2007,2007-12-31,,401,3.3,2273,,-603,1312,1312,2007-12-31,1680,368,,15263,,12990,-13
NEE,2006,2006-12-31,,397,3.48,2097,,-443,1281,1281,2006-12-31,1678,397,,15710,,13613,3
NEE,2005,2005-12-31,,386,2.29,1464,,-358,885,885,2005-12-31,1157,272,,11846,,10382,23
NEE,2004,2004-12-31,,362,2.63,1472,,-395,887,887,2004-12-31,1154,267,,10522,,9050,40
NEE,2003,2003-12-31,,356,2.52,1522,,-303,890,893,2003-12-31,1261,368,,9630,,8108,28
NEE,2002,2002-12-31,,347,2.55,1180,,-250,695,695,2002-12-31,939,244,,8311,,7131,9
NEE,2001,2001-12-31,,338,2.37,1397,,-339,781,781,2001-12-31,1160,379,,8475,,7078,102
NEE,2000,2000-12-31,,340,2.2,1240,,-293,704,704,2000-12-31,1040,336,,7082,,5842,93
NEE,1999,1999-12-31,,343,2.52,920,,20,697,697,1999-12-31,1020,323,,6438,,5518,80
NEE,1998,1998-12-31,,345,1.92,1252,,-337,664,664,1998-12-31,943,279,,6661,,5409,28
NEE,1997,1997-12-31,,346,1.79,1228,,-310,618,618,1997-12-31,922,304,,6369,,5141,4
NEE,1996,1996-12-31,,348,1.66,1171,,-290,579,579,1996-12-31,873,294,,6037,,4866,-7
NEE,1995,1995-12-31,,351,1.58,1197,,-334,553,553,1995-12-31,882,329,,5592,,4395,19
NEE,1994,1994-12-31,,356,1.46,1148,,-359,519,519,1994-12-31,826,307,,5423,,4274,36
NEE,1993,1993-12-31,,374,1.15,974,,-410,429,429,1993-12-31,679,250,,5316,,4342,115
NEE,1992,1992-12-31,,353,1.32,1027,,-410,467,467,1992-12-31,728,261,,5186,,4160,112
NEE,1991,1991-12-31,,326,1.15,877,,-411,241,376,1991-12-31,547,171,,5249,,4372,82
NEE,1990,1990-12-31,,273,0.94,654,,-352,-391,257,1990-12-31,310,54,,6289,,5635,9
NEE,1989,1989-12-31,,263,1.56,914,,-341,410,410,1989-12-31,583,173,,6180,,5266,11
NEE,1988,1988-12-31,,262,1.71,922,,-331,448,448,1988-12-31,650,202,,5854,,4932,59
NEE,1987,1987-12-31,,260,1.55,969,,-323,403,403,1987-12-31,633,230,,5482,,4512,-14
NEE,1986,1986-12-31,,252,1.45,937,,-312,365,365,1986-12-31,625,259,,5457,,4520,0
NEE,1985,1985-12-31,,239,1.56,990,,-322,372,372,1985-12-31,706,333,,4349,,3359,38
NEE,1984,1984-12-31,,231,1.31,866,,-324,303,303,1984-12-31,577,274,,3941,,3075,35
NEE,1983,1983-12-31,,213,1.25,728,,-288,267,267,1983-12-31,493,226,,3353,,2625,52
NLSN,2019,2019-12-31,2822,355.73186,0.91642,-93,3676,-401,-415,-403,2019-12-31,-663,-260,,6498,1929,3769,-169
NLSN,2018,2018-12-31,2805,355.60156,0.30863,-475,3710,-402,-712,-928,2018-12-31,-882,46,,6515,1958,4185,-5
NLSN,2017,2017-12-31,2765,358.05243,1.71798,1214,3807,-380,429,544,2017-12-31,828,284,,6572,1867,2593,-6
NLSN,2016,2016-12-31,2607,362.16713,1.63189,1130,3702,-335,502,507,2016-12-31,816,309,,6309,1864,2572,21
NLSN,2015,2015-12-31,2539,370.9578,1.76842,1093,3633,-338,570,578,2015-12-31,961,383,,6172,1915,2540,206
NLSN,2014,2014-12-31,2620,384.37145,1.20549,1089,3668,-368,384,385,2014-12-31,621,236,,6288,1917,2579,-100
NLSN,2013,2013-12-31,2398,380.9,1.57,861,3305,-332,740,429,2013-12-31,520,91,,5703,1815,2444,-9
NLSN,2012,2012-12-31,2225,366.3,0.84,880,3182,-403,273,237,2012-12-31,359,122,,5407,1724,2302,-118
NLSN,2011,2011-12-31,2188,357.5,0.66,726,3140,-452,84,58,2011-12-31,64,6,,5328,1829,2414,-210
NLSN,2010,2010-12-31,2129,279.7,0.7,730,2997,-546,130,149,2010-12-31,103,-46,,5126,1648,2267,-81
NLSN,2009,2009-12-31,2023,273.9,-0.34,116,2785,-702,-491,-406,2009-12-31,-603,-197,,4808,1523,2669,-17
NLSN,2008,2008-12-31,2057,226.7,-0.83,420,2749,-679,-589,-307,2008-12-31,-271,36,,4806,1616,2329,-12
NLSN,2007,2007-12-31,1992,225,-1.23,376,2466,-731,-354,-366,2007-12-31,-354,12,,4458,1506,2090,1
NKE,2020,2020-05-31,21162,1591.6,1.81904,2710,16241,-14,2539,2539,2020-05-31,2887,348,,37403,13126,13531,191
NKE,2019,2019-05-31,21643,1618.4,2.4895,4772,17474,124,4029,4029,2019-05-31,4801,772,,39117,12702,12702,-95
NKE,2018,2018-05-31,20441,1659.1,2.39045,4445,15956,-115,1933,3966,2018-05-31,4325,359,,36397,11511,11511,-5
NKE,2017,2017-05-31,19038,1692,2.50591,4749,15312,94,4240,4240,2017-05-31,4886,646,,34350,10563,10563,43
NKE,2016,2016-05-31,17405,1742.5,2.15782,4502,14971,130,3760,3760,2016-05-31,4623,863,,32376,10469,10469,-9
NKE,2015,2015-05-31,16534,1768.8,1.85041,4175,14067,108,3273,3273,2015-05-31,4205,932,,30601,9892,9892,-78
NKE,2014,2014-05-31,15353,1812,1.49,3680,12446,-99,2693,2693,2014-05-31,3544,851,,27799,8766,8766,-37
NKE,2013,2013-05-31,14279,1833,1.34,3254,11034,59,2485,2464,2013-05-31,3272,808,,25313,7766,7780,-41
NKE,2012,2012-05-31,13657,1879,1.18,2983,10471,,2223,2223,2012-05-31,2983,760,,24128,7431,7488,53
NKE,2011,2011-05-31,11354,1943,1.1,2844,9508,,2133,2133,2011-05-31,2844,711,,20862,6693,6664,-33
NKE,2010,2010-05-31,10214,1976,0.97,2517,8800,,1907,1907,2010-05-31,2517,610,,19014,6326,6283,-49
NKE,2009,2009-05-31,10572,1963,0.99,1957,8604,,1487,1487,2009-05-31,1957,470,,19176,6150,6648,-48
NKE,2008,2008-05-31,10240,2016,0.93,2503,8387,,1883,1883,2008-05-31,2503,620,,18627,5954,5884,47
NKE,2007,2007-05-31,9165,2040,0.73,2200,7161,,1492,1492,2007-05-31,2200,708,,16326,5029,4961,49
NKE,2006,2006-05-31,8368,2110,0.66,2142,6587,,1392,1392,2006-05-31,2142,750,,14955,4478,4445,55
NKE,2005,2005-05-31,7624,2162,0.56,1860,6115,,1212,1212,2005-05-31,1860,648,,13740,4222,4256,29
NKE,2004,2004-05-31,7001,2158,0.44,1450,5252,,946,946,2004-05-31,1450,504,,12253,3702,3802,75
NKE,2003,2003-05-31,6314,2141,0.35,1123,4383,,474,740,2003-05-31,1123,383,,10697,3138,3260,80
NKE,2002,2002-05-31,6005,2178,0.31,1017,3888,,663,668,2002-05-31,1017,349,,9893,2820,2871,3
NKE,2001,2001-05-31,5785,2186,0.27,921,3704,,590,590,2001-05-31,921,332,,9489,2690,2782,34
NKE,2000,2000-05-31,5404,2235,0.26,919,3591,,579,579,2000-05-31,919,340,,8995,2606,2672,23
NKE,1999,1999-05-31,5494,2306,0.21,746,3283,,451,451,1999-05-31,746,295,,8777,2427,2537,22
NKE,1998,1998-05-31,6066,2360,0.2,653,3488,,400,400,1998-05-31,653,253,,9553,2624,2834,21
NKE,1997,1997-05-31,5503,2376,0.33,1295,3684,,796,796,1997-05-31,1295,499,,9187,2304,2388,32
NKE,1996,1996-05-31,3907,2349,0.24,899,2564,,553,553,1996-05-31,899,346,,6471,1589,1665,37
NKE,1995,1995-05-31,2865,2352,0.17,650,1896,,400,400,1995-05-31,650,250,,4761,1210,1246,12
NKE,1994,1994-05-31,2301,2414,0.12,491,1488,,299,299,1994-05-31,491,192,,3790,974,998,8
NKE,1993,1993-05-31,2387,2466,0.15,595,1544,,365,365,1993-05-31,595,230,,3931,922,949,1
NKE,1992,1992-05-31,2089,2451,0.13,522,1316,,329,329,1992-05-31,522,193,,3405,761,794,2
NKE,1991,1991-05-31,1851,2434,0.12,462,1153,,287,287,1991-05-31,462,175,,3004,664,691,0
NKE,1990,1990-05-31,1384,2422,0.1,393,851,,243,243,1990-05-31,393,150,,2235,455,458,-7
NKE,1989,1989-05-31,1075,2405,0.07,271,636,,167,167,1989-05-31,271,104,,1711,355,365,-3
NKE,1988,1988-05-31,803,2409,0.04,166,400,,102,102,1988-05-31,166,65,,1203,247,234,-21
NKE,1987,1987-05-31,597,2457,0.01,74,281,,36,36,1987-05-31,74,38,,877,205,207,-6
NKE,1986,1986-05-31,723,2443,0.02,110,346,,59,52,1986-05-31,110,58,,1069,209,236,11
NKE,1985,1985-05-31,697,2425,0,22,249,,10,7,1985-05-31,22,16,,946,205,227,0
NKE,1984,1984-05-31,659,2428,0.02,78,261,,41,41,1984-05-31,78,38,,920,163,182,0
NKE,1983,1983-05-31,590,2378,0.02,118,277,,57,57,1983-05-31,118,61,,867,132,159,1
NI,2019,2019-12-31,1534.8,376,1.70599,890.7,,-363.3,383.1,383.1,2019-12-31,506.6,123.5,,5053.4,18.9,2783.3999999999996,-20.8
NI,2018,2018-12-31,1761.3,356.5,-0.09886,79.2,,-312.1,-50.6,-50.6,2018-12-31,-230.6,-180,,4991.1,,3274,2.3
NI,2017,2017-12-31,1518.7,330.8,1.10667,809.7,,-358.9,128.5,289.6,2017-12-31,443,153.4,,4730.2,,2546.2,-7.8
NI,2016,2016-12-31,1390.2,323.5,1.02273,866.1,,-352.5,331.5,331.5,2016-12-31,513.6,182.1,,4392.5,,2236.2,0
NI,2015,2015-12-31,1643.7,319.8,0.75687,702.7,,-373.5,286.5,198.6,2015-12-31,339.9,141.3,,4624.6,,2305.3999999999996,10.7
NI,2014,2014-12-31,2372.9,316.6,0.81496,789.1,,-364.7,530,256.2,2014-12-31,423,166.8,,5257.2,,2110.4,-1.4
NI,2013,2013-12-31,1815.5,313.6,1.53,1143.4,,-394.8,532.1,490.9,2013-12-31,752.8,261.9,,5432.8,,2698.3999999999996,4.2
NI,2012,2012-12-31,1541.5,300.4,1.36,1010.5,,-360.4,416.1,410.6,2012-12-31,626.1,215.5,,4929.9,,2509.2,-24
NI,2011,2011-12-31,2556.4,288.5,1.21,836.6,,-354.3,299.1,303.8,2011-12-31,467.1,163.3,,5700.2,,2626.1,-15.2
NI,2010,2010-12-31,2974.1,280.1,1.29,809.6,,-368.6,292,294.6,2010-12-31,436.1,141.5,,5742.1,,2638.2999999999997,-4.9
NI,2009,2009-12-31,3318,275.8,0.89,781.4,,-364.3,217.7,231.2,2009-12-31,397,165.8,,5748.9,,2550,-20.1
NI,2008,2008-12-31,5631.6,275.4,1.38,905.4,,-344.8,79,369.8,2008-12-31,555.2,185.4,,7660.7,,2337.2,-5.4
NI,2007,2007-12-31,4676.1,274.7,1.26,881.9,,-368.7,321.4,312,2007-12-31,484.1,172.1,,6894.6,,2381.7999999999993,-29.1
NI,2006,2006-12-31,4365.4,273.4,1.16,891.6,,-377.4,282.2,313.5,2006-12-31,484.3,170.8,,6521.7,,2233,-29.9
NI,2005,2005-12-31,4749.3,273,1.35,844.2,,-376.7,306.5,283.6,2005-12-31,433,149.4,,6849,,2305.5999999999995,-34.5
NI,2004,2004-12-31,3610.5,265.5,1.61,1072,,-371.7,436.3,430.2,2004-12-31,671.1,240.9,,5936.2,,1983.6999999999998,-29.2
NI,2003,2003-12-31,3186.3,261.6,1.57,1116.3,,-425.7,85.2,425.7,2003-12-31,659.9,234.2,,5768.8,,1944,-30.7
NI,2002,2002-12-31,3163.3,212.8,1.92,1202.7,,-517.8,372.5,425.7,2002-12-31,659.6,233.9,,5005.9,,2126.3,-25.3
NI,2001,2001-12-31,6055.3,209.8,1.03,1008.9,,-607.2,216.2,212.1,2001-12-31,395.3,183.2,,5858.5,,2394.499999999999,-6.4
NI,2000,2000-12-31,4082.7,135.8,1.34,567.8,,-308.8,156.9,147.1,2000-12-31,277.2,130.1,,3727.9,,1380.1999999999998,18.2
NI,1999,1999-12-31,1401.9,125.3,1.28,461.5,,-192.6,160.4,160.4,1999-12-31,250.9,90.4,,2872.9,,1281.1,-18
NI,1998,1998-12-31,1441.7,121.3,1.6,421.5,,-124.5,193.9,193.9,1998-12-31,294.7,100.9,,2151.1,,1069.6000000000001,-2.2
NI,1997,1997-12-31,1137.1,124.2,1.54,410.6,,-118.9,190.8,190.8,1997-12-31,295.9,105,,1885.1,,1038.9,4.2
NI,1996,1996-12-31,537.5,122.7,1.44,397.3,,-97.8,176.7,176.7,1996-12-31,287.7,111,,1821.6,,886.8,-11.8
NI,1995,1995-12-31,442.8,126.8,1.36,393.4,,-92.4,175.5,175.5,1995-12-31,283.9,108.4,,1722.3,,886.2,-17
NI,1994,1994-12-31,435.9,129.6,1.24,358.9,,-99.4,164,164,1994-12-31,261.7,97.7,,1676.4,,881.6,2.2
NI,1993,1993-12-31,417.8,132.3,1.16,358.9,,-103.8,156.1,156.1,1993-12-31,253,96.8,,1677.9,,901.2,-2.1
NI,1992,1992-12-31,390.6,133.4,1,326.5,,-100.4,147.3,147.3,1992-12-31,227.6,80.3,,1582.4,,865.1999999999999,1.5
NI,1991,1991-12-31,347.4,134.1,0.97,333.1,,-109.5,145.1,145.1,1991-12-31,223.8,78.8,,1535.2,,854.6,0.3
NI,1990,1990-12-31,367.9,138.1,0.91,326.3,,-115.5,138,138,1990-12-31,216.5,78.6,,1521,,826.8000000000001,5.7
NI,1989,1989-12-31,396.8,143.9,0.5,325.5,,-121.5,85.7,85.7,1989-12-31,158.4,72.7,,1559.6,,837.3,-45.7
NI,1988,1988-12-31,388.6,146.6,0.71,326.6,,-136.2,122.9,122.9,1988-12-31,191.6,68.7,,1524.2,,808.9999999999999,1.2
NI,1987,1987-12-31,451.5,146.4,0.27,230.9,,-138.5,65,65,1987-12-31,103.4,38.4,,1451.6,,769.3,11.1
NI,1986,1986-12-31,671.7,146.3,-0.28,233.7,,-125.1,-13.2,-13.2,1986-12-31,40.6,53.8,,1626.1,,720.8,-68.1
NBL,2019,2019-12-31,861,478,-1.40628,-1363,3577,-403,-1512,-1433,2019-12-31,-1776,-343,154,4438,1205,4940,-10
NBL,2018,2018-12-31,727,483,0.43157,343,4259,-219,-66,-136,2018-12-31,140,276,74,4986,1245,3916,16
NBL,2017,2017-12-31,432,469,-0.58284,-1900,3824,-291,-1118,-1714,2017-12-31,-2191,-477,188,4256,1171,5724,0
NBL,2016,2016-12-31,521,430,-2.84698,-1296,2970,-467,-998,-985,2016-12-31,-1772,-787,925,3491,1077,4266,-9
NBL,2015,2015-12-31,289,402,-3.59502,-2472,2894,238,-2441,-2441,2015-12-31,-2219,222,488,3183,1119,5366,15
NBL,2014,2014-12-31,170,367,4.13,918,4931,766,1214,1214,2014-12-31,1710,496,498,5101,1291,4013,26
NBL,2013,2013-12-31,132,363,2.59,1656,4883,-291,978,907,2013-12-31,1344,437,393,5015,1173,3227,-21
NBL,2012,2012-12-31,91,360,2.58,1412,4132,-50,1027,965,2012-12-31,1356,391,392,4223,983,2720,-6
NBL,2011,2011-12-31,101,358,2.6,740,3662,-15,453,453,2011-12-31,715,262,279,3763,884,2922,-10
NBL,2010,2010-12-31,108,354,2.16,952,2914,92,725,725,2010-12-31,1031,306,245,3022,778,1962,-13
NBL,2009,2009-12-31,95,346,0.73,-58,2048,-181,-131,-131,2009-12-31,-264,-133,144,2143,703,2276,-25
NBL,2008,2008-12-31,133,352,4.32,1645,3594,391,1350,1350,2008-12-31,2061,711,217,3727,773,2123,25
NBL,2007,2007-12-31,125.8,346.7,2.81,1367.6,2935.3,,943.9,943.9,2007-12-31,1367.6,423.7,219.1,3061.1,642.4,1778.7,
NBL,2006,2006-12-31,106.7,358.1,1.53,1096.2,2694,,678.4,678.4,2006-12-31,1096.2,417.8,167.9,2800.7,590.6,1737.2,
NBL,2005,2005-12-31,98,313.5,2.07,968.7,1997.9,,645.7,645.7,2005-12-31,968.7,322.9,178.4,2095.9,396.7,1120.1,
NBL,2004,2004-12-31,104,236.9,1.35,516,1186.1,,328.7,313.9,2004-12-31,516,202.2,117,1290.1,245.8,739.2,
NBL,2003,2003-12-31,124.6,230.2,0.48,141.6,845.7,,78,89.9,2003-12-31,141.6,51.7,148.8,970.4,198.3,744.6999999999999,
NBL,2002,2002-12-31,735.9,231.1,0.08,42.6,698.3,,17.7,17.7,2002-12-31,42.6,24.9,150.7,1434.2,181.5,665.1999999999999,
NBL,2001,2001-12-31,708.3,226.2,0.59,224.6,869,,133.6,133.6,2001-12-31,224.6,91,151.7,1577.3,177.7,639.4000000000001,
NBL,2000,2000-12-31,574.3,227,0.84,299.5,817.8,,191.6,191.6,2000-12-31,299.5,107.9,88.2,1392.1,169.2,519.8,
NBL,1999,1999-12-31,323.3,229.4,0.22,77.6,586.6,,49.5,49.5,1999-12-31,77.6,28.2,46.8,909.9,164.6,508.90000000000003,
NBL,1998,1998-12-31,270.8,227.8,-0.08,-246.7,640.8,,-164,-164,1998-12-31,-246.7,-82.7,110.2,911.6,197.1,887.5,0
NBL,1997,1997-12-31,313.8,229.7,0.43,157.7,802.8,,99.3,99.3,1997-12-31,157.7,58.4,86.7,1116.6,211.3,645.0999999999999,0
NBL,1996,1996-12-31,253.5,228.9,0.37,136.3,633.7,,83.9,83.9,1996-12-31,136.3,52.4,49.9,887.2,177.6,497.4,0
NBL,1995,1995-12-31,107.9,201.9,0.02,8,379.2,,4.1,4.1,1995-12-31,8,3.9,33.2,487,118.2,371.1,0
NBL,1994,1994-12-31,42.8,199.9,0.02,5.2,315.6,,3.2,3.2,1994-12-31,5.2,2.1,54.3,358.4,111.1,310.4,0
NBL,1993,1993-12-31,0,192.4,0.07,20.7,286.6,,12.6,12.6,1993-12-31,20.7,8,36.5,286.6,106.9,265.9,0
NBL,1992,1992-12-31,0,177.4,0.23,61.3,303.8,,41.2,41.2,1992-12-31,61.3,20.1,29,303.8,99.5,242.5,0
NBL,1991,1991-12-31,0,176.5,0.11,28.6,250.4,,19.3,19.3,1991-12-31,28.6,9.3,34.1,250.4,88.9,221.8,0
NBL,1990,1990-12-31,0,175.9,0.16,42.1,243.2,,28.6,28.6,1990-12-31,42.1,13.5,39.6,243.2,69.3,201.1,0
NBL,1989,1989-12-31,0,175,0.13,34.2,211.6,,31.4,22.6,1989-12-31,34.2,11.7,34,211.6,57.1,177.4,0
NBL,1988,1988-12-31,0,174.8,0.07,18.1,191.7,,11.8,11.8,1988-12-31,18.1,6.3,27.2,191.7,53.6,173.6,0
NBL,1987,1987-12-31,0,175,0.09,7,189.6,,16.4,16.4,1987-12-31,27.1,10.7,24.4,189.6,49.4,182.6,20.1
NBL,1986,1986-12-31,0,176.8,-0.36,-103.7,129.3,,-64.3,-64.3,1986-12-31,-113.7,-49.5,29.8,129.3,46.8,233,-10
NBL,1985,1985-12-31,0,180.1,0.07,17.2,177.6,,-0.9,11.8,1985-12-31,17.2,5.4,40,177.6,57.7,160.4,0
NBL,1984,1984-12-31,0,179.6,0.18,55.7,204,,17.8,32.4,1984-12-31,55.7,23.3,37,204,59.2,148.3,0
NBL,1983,1983-12-31,,179,0.13,37.3,,,23.3,23.3,1983-12-31,37.3,14,72.3,272,23.8,234.7,0
NSC,2019,2019-12-31,5878,265.6,10.24849,3989,5418,-604,2722,2722,2019-12-31,3491,769,,11296,291,1429,106
NSC,2018,2018-12-31,6034,280.2,9.51106,3959,5424,-557,2666,2666,2018-12-31,3469,803,,11458,363,1465,67
NSC,2017,2017-12-31,5793,290.3,7.134,3522,4758,-550,5404,2073,2017-12-31,3128,1055,,10551,181,1236,156
NSC,2016,2016-12-31,5547,296,5.62162,3009,4341,-563,1668,1668,2016-12-31,2582,914,,9888,306,1332,136
NSC,2015,2015-12-31,6254,304.4,4.98014,2879,4257,-541,1556,1556,2015-12-31,2442,886,,10511,319,1378,49
NSC,2014,2014-12-31,6805,313,6.35,3570,4819,-548,2000,2000,2014-12-31,3134,1134,,11624,293,1249,99
NSC,2013,2013-12-31,7072,316,5.83,3251,4173,-487,1910,1910,2013-12-31,2965,1055,,11245,,922,100
NSC,2012,2012-12-31,6717,325,5.37,3118,4323,-495,1749,1749,2012-12-31,2758,1009,,11040,283,1205,135
NSC,2011,2011-12-31,7097,351,5.39,3213,4075,-437,1916,1916,2011-12-31,2918,1002,,11172,,862,110
NSC,2010,2010-12-31,6021,372,3.93,2669,3495,-440,1496,1496,2010-12-31,2367,871,,9516,,826,97
NSC,2009,2009-12-31,5170,372,2.73,1954,2799,-427,1034,1034,2009-12-31,1622,588,,7969,,845,77
NSC,2008,2008-12-31,6773,380,4.47,3073,3888,-395,1716,1716,2008-12-31,2750,1034,,10661,,815,43
NSC,2007,2007-12-31,6072,398,3.6,2574,3360,-351,1464,1464,2007-12-31,2237,773,,9432,,786,-37
NSC,2006,2006-12-31,5729,415,3.48,2545,3678,-375,1481,1481,2006-12-31,2230,749,,9407,126,1133,6
NSC,2005,2005-12-31,5253,412,3.11,2117,3274,-494,1281,1281,2005-12-31,1697,416,,8527,129,1157,74
NSC,2004,2004-12-31,4473,399,2.31,1702,2839,-489,923,923,2004-12-31,1302,379,,7312,319,1137,89
NSC,2003,2003-12-31,4263,392,1.05,1064,2205,-497,535,411,2003-12-31,586,175,,6468,419,1141,19
NSC,2002,2002-12-31,3992,390,1.18,1158,2278,-518,460,460,2002-12-31,706,246,,6270,412,1120,66
NSC,2001,2001-12-31,4013,386,0.94,1007,2157,-553,375,362,2001-12-31,553,191,,6170,421,1150,99
NSC,2000,2000-12-31,4299,383,0.45,633,1860,-551,172,172,2000-12-31,250,78,,6159,478,1227,168
NSC,1999,1999-12-31,3475,382,0.63,718,1720,-482,239,239,1999-12-31,351,112,,5195,311,1002,115
NSC,1998,1998-12-31,2567,381,1.65,1052,1654,-322,734,630,1998-12-31,845,215,,4221,0,602,115
NSC,1997,1997-12-31,2440,380,1.84,1213,1783,-268,721,699,1997-12-31,998,299,,4223,0,570,53
NSC,1996,1996-12-31,3017,384,2.01,1197,1753,-116,770,770,1996-12-31,1197,427,,4770,,556,116
NSC,1995,1995-12-31,3041,397,1.8,1086,1627,-113,713,713,1995-12-31,1115,402,,4668,,541,142
NSC,1994,1994-12-31,3516,409,1.63,1065,1065,-102,668,668,1994-12-31,1049,381,,4581,0,0,85
NSC,1993,1993-12-31,3600,418,1.31,860,860,-99,772,549,1993-12-31,899,350,,4460,0,0,137
NSC,1992,1992-12-31,3720,424,1.31,887,887,-109,558,558,1992-12-31,875,318,,4607,0,0,98
NSC,1991,1991-12-31,3290,443,1.06,112,1161,-100,30,30,1991-12-31,144,114,,4451,369,1049,131
NSC,1990,1990-12-31,3397,486,1.14,808,1220,-78,556,556,1990-12-31,875,319,,4617,412,412,145
NSC,1989,1989-12-31,3304,523,1.16,825,1232,-51,606,606,1989-12-31,933,326,,4536,407,407,158
NSC,1988,1988-12-31,3174,543,1.17,945,1287,-53,635,635,1988-12-31,1001,365,,4462,342,342,108
NSC,1987,1987-12-31,3034,568,0.98,105,1079,-59,172,172,1987-12-31,279,107,,4113,353,974,233
NSC,1986,1986-12-31,2983,568,0.91,702,1093,-62,519,519,1986-12-31,856,337,,4076,391,391,216
NSC,1985,1985-12-31,2758,567,0.88,719,1067,-69,500,500,1985-12-31,822,322,,3825,348,348,172
NSC,1984,1984-12-31,2426,566,0.85,734,1099,-68,482,482,1984-12-31,839,357,,3525,365,365,173
NSC,1983,1983-12-31,2275,566,0.63,544,873,-80,356,356,1983-12-31,604,247,,3148,329,329,139
NTRS,2019,2019-12-31,529.4,215.60115,6.62752,1944.1,6073.1,,1492.2,1492.2,2019-12-31,1944.1,451.9,,6602.5,3186.2,4129,
NTRS,2018,2018-12-31,450.2,224.48833,6.67939,1957.8,5960.2,,1556.4,1551.6,2018-12-31,1957.8,406.2,,6410.4,3068.7,4002.4000000000005,
NTRS,2017,2017-12-31,203.4,229.6544,4.82472,1633.9,5375.3,,1199,1145.9,2017-12-31,1633.9,488,,5578.7,2863.8,3741.4,
NTRS,2016,2016-12-31,90.8,229.15141,4.32203,1517.1,4961.8,,1032.5,1032.5,2016-12-31,1517.1,484.6,,5052.6,2605.8,3444.7,
NTRS,2015,2015-12-31,77.7,234.22173,3.99194,1465,4702.6,,973.8,973.8,2015-12-31,1465,491.2,,4780.3,2490.6,3237.6000000000004,
NTRS,2014,2014-12-31,85.6,237.7,3.32,1190.2,4331.2,,811.8,811.8,2014-12-31,1190.2,378.4,,4416.8,2415.4,3141,6
NTRS,2013,2013-12-31,107.6,240.6,3.05,1075.5,4089.3,,731.3,731.3,2013-12-31,1075.5,344.2,,4196.9,2207.1,3013.8,20
NTRS,2012,2012-12-31,297.4,240.9,2.81,992.3,3896.1,,687.3,687.3,2012-12-31,992.3,305,,4193.5,2066.7,2903.7999999999997,25
NTRS,2011,2011-12-31,399.5,241.8,2.73,883.7,3769.9,,603.6,603.6,2011-12-31,883.7,280.1,,4169.4,2034.4,2886.2,55
NTRS,2010,2010-12-31,378,242.5,2.74,989.8,3647.7,,669.5,669.5,2010-12-31,989.8,320.3,,4025.7,1800.5,2657.9,0
NTRS,2009,2009-12-31,406.2,236.4,3.16,1255.2,3786.9,,864.2,864.2,2009-12-31,1255.2,391,,4193.1,1773.7,2531.7000000000003,0
NTRS,2008,2008-12-31,1399.4,224.1,3.47,1107.8,4110.6,,794.8,794.8,2008-12-31,1275.7,480.9,,5510,1763.8,3002.7999999999997,167.9
NTRS,2007,2007-12-31,1938.8,224.3,3.23,1064.9,3513.1,,726.9,726.9,2007-12-31,1060.8,333.9,,5451.9,1648.9,2448.2,0
NTRS,2006,2006-12-31,1505,221.8,3,1024.2,2996.1,,665.4,665.4,2006-12-31,1024.2,358.8,,4501.1,1444.9,1971.9,0
NTRS,2005,2005-12-31,929.2,221.6,2.64,887.8,2625.2,,584.4,584.4,2005-12-31,887.8,303.4,,3554.4,1294.9,1737.3999999999999,2.5
NTRS,2004,2004-12-31,557.1,223.1,2.26,754.5,2272,,505.6,504.8,2004-12-31,754.5,249.7,,2829.1,1029.4,1517.5,-15
NTRS,2003,2003-12-31,507.5,224.1,1.83,631.1,2090.4,,404.8,423.3,2003-12-31,631.1,207.8,,2597.9,1006.1,1459.3,0
NTRS,2002,2002-12-31,636.5,225.8,1.92,669,2066.5,,447.1,447.1,2002-12-31,669,221.9,,2703,941.9,1397.5,0
NTRS,2001,2001-12-31,1085.8,229,2.11,737.3,2139.8,,487.5,484.7,2001-12-31,727.4,242.7,,3225.6,946.5,1402.5000000000002,-9.9
NTRS,2000,2000-12-31,1442.5,230.6,2.11,745.7,2105.6,,485.1,485.1,2000-12-31,730.1,245,,3548.1,958.8,1359.9,-15.6
NTRS,1999,1999-12-31,1049.8,229.9,1.76,630.7,1754,,405,405,1999-12-31,616.5,211.5,,2803.8,819,1123.3,-14.2
NTRS,1998,1998-12-31,1025.9,229.7,1.71,556.8,1548.8,,353.9,353.9,1998-12-31,542.7,188.8,,2574.7,739.5,992,-14.1
NTRS,1997,1997-12-31,894.6,229.3,1.32,481.8,1372.7,,309.4,309.4,1997-12-31,471.9,162.5,,2267.3,656.2,890.9,-9.9
NTRS,1996,1996-12-31,763.2,230.9,1.09,397.6,1168.3,,258.8,258.8,1996-12-31,387.4,128.6,,1931.5,558,770.7,-10.2
NTRS,1995,1995-12-31,746.4,232.3,0.9,332.1,1036,,220,220,1995-12-31,320.5,100.5,,1782.4,527,703.9,-11.6
NTRS,1994,1994-12-31,514.1,225.4,0.85,261.5,968,,182.2,182.2,1994-12-31,261.5,79.3,,1482.1,505.2,706.4999999999999,6
NTRS,1993,1993-12-31,378.5,223.4,0.76,234,881.7,,167.9,167.9,1993-12-31,234,66.1,,1260.2,457.9,647.7,19.5
NTRS,1992,1992-12-31,410.7,220.8,0.66,206.5,820.6,,149.5,149.5,1992-12-31,206.5,57,,1231.3,,614.0999999999999,29.5
NTRS,1991,1991-12-31,565.5,213.6,0.57,163.6,694.7,,127.4,127.4,1991-12-31,163.6,36.2,,1260.2,,531.0999999999999,31
NTRS,1990,1990-12-31,704.3,212.6,0.51,139.7,618.6,,115.4,115.4,1990-12-31,139.7,24.3,,1322.9,,478.9000000000001,14
NTRS,1989,1989-12-31,662.3,216,0.5,124.9,569.5,,113.2,113.2,1989-12-31,124.9,11.7,,1231.8,,444.60000000000014,16
NTRS,1988,1988-12-31,463.4,198.4,0.53,131.4,540.7,,109.3,109.3,1988-12-31,131.4,22.1,,1004.1,,409.30000000000007,20
NTRS,1987,1987-12-31,381.1,179,-0.4,-68.4,453.4,,-65.1,-65.1,1987-12-31,-68.4,-3.3,,834.5,,521.8,179
NTRS,1986,1986-12-31,352.7,185.1,0.27,60.6,405,,52.3,52.3,1986-12-31,60.6,8.3,,757.7,,344.40000000000003,55
NTRS,1985,1985-12-31,391,179.5,0.17,34.9,348.8,,34.1,34.1,1985-12-31,34.9,0.8,,739.8,,313.9,55
NTRS,1984,1984-12-31,457.5,178.9,0.11,21.2,296.9,,22.4,22.4,1984-12-31,21.2,-1.2,,754.4,,275.6,47
NTRS,1983,1983-12-31,409.7,175.8,0.1,10.9,273.4,,18.3,18.3,1983-12-31,10.9,-7.4,,683.1,,262.50000000000006,58.5
NOC,2019,2019-12-31,26582,170,13.22353,3969,7259,-528,2248,2248,2019-12-31,2548,300,953,33841,2337,3290,-893
NOC,2018,2018-12-31,23304,174.6,18.0126,3780,6791,-562,3229,3145,2018-12-31,3742,597,764,30095,2247,3011,524
NOC,2017,2017-12-31,20074,175.6,17.96128,3218,5930,-360,2869,3154,2017-12-31,4229,1075,639,26004,2073,2712,1371
NOC,2016,2016-12-31,18797,180.5,11.31856,3277,5909,-301,2043,2043,2016-12-31,2681,638,705,24706,1927,2632,-295
NOC,2015,2015-12-31,17884,191.6,10.38622,3076,5642,-301,1990,1990,2015-12-31,2790,800,712,23526,1854,2566,15
NOC,2014,2014-12-31,18378,212,9.75,3196,5601,-282,2069,2069,2014-12-31,2937,868,569,23979,1836,2405,23
NOC,2013,2013-12-31,19282,234,8.35,3123,5379,-257,1952,1952,2013-12-31,2863,911,507,24661,1749,2256,-3
NOC,2012,2012-12-31,19638,253,7.81,3130,5580,-212,1978,1978,2012-12-31,2965,987,520,25218,1930,2450,47
NOC,2011,2011-12-31,20786,282,7.59,3276,5626,-221,2086,2086,2011-12-31,3083,997,543,26412,1807,2350,28
NOC,2010,2010-12-31,22849,301,6.32,2827,5294,-269,2053,1904,2010-12-31,2366,462,580,28143,1887,2467,-192
NOC,2009,2009-12-31,28130,323,4.87,2483,5625,-281,1686,1573,2009-12-31,2266,693,,33755,3142,3142,64
NOC,2008,2008-12-31,27698,335,2.12,-111,6189,-295,-1262,-1281,2008-12-31,-368,913,,33887,3240,6300,38
NOC,2007,2007-12-31,25804,354,5.16,3006,6214,-308,1790,1803,2007-12-31,2686,883,,32018,3208,3208,-12
NOC,2006,2006-12-31,24660,359,4.44,2454,5488,-303,1542,1567,2006-12-31,2276,709,,30148,3034,3034,125
NOC,2005,2005-12-31,25590,363,3.81,2178,5131,-334,1400,1383,2005-12-31,2044,661,,30721,2953,2953,200
NOC,2004,2004-12-31,25135,365,2.99,2006,4718,-373,1084,1093,2004-12-31,1615,522,,29853,2712,2712,-18
NOC,2003,2003-12-31,22322,368,2.16,1538,3884,-437,866,808,2003-12-31,1131,323,,26206,2346,2346,30
NOC,2002,2002-12-31,14104,235,2.86,1391,3102,-411,64,697,2002-12-31,1009,312,,17206,1711,1711,29
NOC,2001,2001-12-31,11219,171,3.81,1004,2339,-340,427,427,2001-12-31,699,272,,13558,1335,1335,35
NOC,2000,2000-12-31,5446,142,5.21,1098,2172,-146,608,625,2000-12-31,975,350,,7618,1074,1074,23
NOC,1999,1999-12-31,6852,139,4.2,969,2143,-206,467,483,1999-12-31,762,279,,8995,1174,1174,-1
NOC,1998,1998-12-31,6930,139,2.9,570,1972,-252,194,194,1998-12-31,312,118,,8902,1216,1402,-6
NOC,1997,1997-12-31,7040,136,3.76,862,2113,-240,407,407,1997-12-31,651,244,,9153,1233,1251,29
NOC,1996,1996-12-31,6216,127,2.48,658,1855,-261,234,234,1996-12-31,384,150,,8071,1197,1197,-13
NOC,1995,1995-12-31,5319,117,2.45,536,1499,-136,661,252,1995-12-31,409,157,,6818,963,963,9
NOC,1994,1994-12-31,5477,98,1.9,199,1234,-109,35,35,1994-12-31,65,30,,6711,753,1035,-25
NOC,1993,1993-12-31,4359,96,1,219,704,-38,96,96,1993-12-31,170,74,,5063,485,485,-11
NOC,1992,1992-12-31,4866,94,1.28,229,684,-47,121,121,1992-12-31,180,59,,5550,455,455,-2
NOC,1991,1991-12-31,4811,94,2.85,352,883,-80,200,268,1991-12-31,277,9,,5694,531,531,5
NOC,1990,1990-12-31,4748,94,2.23,291,742,-95,210,210,1990-12-31,312,102,,5490,451,451,116
NOC,1989,1989-12-31,4692,94,-0.86,23,556,-124,-81,-81,1989-12-31,-112,-31,,5248,533,533,-11
NOC,1988,1988-12-31,5258,94,-0.34,25,539,-99,103,-32,1988-12-31,-55,-23,,5797,514,514,19
NOC,1987,1987-12-31,5358,94,1,167,695,-51,94,94,1987-12-31,137,43,,6053,528,528,21
NOC,1986,1986-12-31,4986,93,0.43,70,622,-29,40,40,1986-12-31,48,8,,5608,552,552,7
NOC,1985,1985-12-31,4205,93,2.33,309,852,-17,216,216,1985-12-31,350,134,,5057,543,543,58
NOC,1984,1984-12-31,3006,92,1.81,243,682,-8,166,166,1984-12-31,241,75,,3688,439,439,6
NOC,1983,1983-12-31,2725,91,1.12,141,536,-14,102,102,1983-12-31,154,52,,3261,395,395,27
NLOK,2020,2020-04-03,393,643,0.93733,586,2097,204,3887,578,2020-04-03,819,241,328,2490,1069,1511,29
NLOK,2019,2019-03-29,455,632,0.05008,158,2001,-315,31,-112,2019-03-29,-107,5,420,2456,1122,1843,50
NLOK,2018,2018-03-30,463,668,0.19244,499,2096,-251,1138,306,2018-03-30,244,-62,455,2559,1328,1597,-4
NLOK,2017,2017-03-31,853,618,0.03147,-100,3166,-187,-106,-236,2017-03-31,-262,-26,823,4019,2023,3266,25
NLOK,2016,2016-04-01,615,670,-1.09343,457,2985,-65,2488,-821,2016-04-01,392,1213,748,3600,1587,2528,0
NLOK,2015,2015-04-03,727,696,0.30977,154,3229,-67,878,109,2015-04-03,101,-8,812,3956,2012,3075,14
NLOK,2014,2014-03-28,1149,704,1.57,1183,5527,-72,898,898,2014-03-28,1156,258,1039,6676,2885,4344,45
NLOK,2013,2013-03-29,1175,711,1.14,1106,5731,-127,755,755,2013-03-29,1006,251,1026,6906,3236,4625,27
NLOK,2012,2012-03-30,1082,748,1.09,1630,5648,-129,1187,1187,2012-03-30,1495,308,969,6730,3226,4018,-6
NLOK,2011,2011-04-01,1045,786,0.91,864,5145,-164,597,593,2011-04-01,698,105,862,6190,3012,4281,-2
NLOK,2010,2010-04-02,1105,819,1,933,4880,-162,714,714,2010-04-02,826,112,857,5985,2719,3947,55
NLOK,2009,2009-04-03,1227,831,-2.25,-6470,4923,-88,-6786,-6733,2009-04-03,-6550,183,870,6150,2729,11393,8
NLOK,2008,2008-03-28,1220,884,0.59,602,4654,-42,410,410,2008-03-28,623,213,895,5874,2763,4052,63
NLOK,2007,2007-03-31,1215.8,983.3,0.46,519.7,3983.5,94.8,404.4,404.4,2007-03-31,631.6,227.2,866.9,5199.4,2324.4,3463.8,17.1
NLOK,2006,2006-03-31,981.9,1025.9,0.45,274,3161.5,90.4,156.9,156.9,2006-03-31,362.7,205.9,682.1,4143.4,1728.5,2887.5,-1.7
NLOK,2005,2005-03-31,452.1,738.2,0.75,819.3,2130.7,37.9,536.2,536.2,2005-03-31,858.1,322,334,2582.8,961.9,1311.5,1
NLOK,2004,2004-03-31,327.6,719.1,0.55,513.6,1542.6,26.6,370.6,370.6,2004-03-31,542.2,171.6,252.3,1870.1,755.2,1028.9,2
NLOK,2003,2003-03-31,250.1,682.9,0.4,341.5,1156.8,23.4,248.4,248.4,2003-03-31,363.6,115.2,197.3,1406.9,599.5,815.3000000000001,-1.3
NLOK,2002,2002-03-31,195.9,574.4,0.32,8,875.5,38.1,-28.2,-28.2,2002-03-31,45.5,73.6,164,1071.4,481.1,867.5000000000001,-0.6
NLOK,2001,2001-03-31,132,545.9,0.29,109.6,721.6,53.7,63.9,63.9,2001-03-31,140.8,76.8,126.7,853.6,386.6,612,-22.5
NLOK,2000,2000-03-31,121.1,497.7,0.4,135.2,624.7,120.7,170.1,170.1,2000-03-31,257.3,87.1,108.4,745.7,348.9,489.4,1.3
NLOK,1999,1999-03-31,96.6,474.3,0.19,27.8,496.1,52.9,50.2,50.2,1999-03-31,83.2,33,101.6,592.6,321.9,468.19999999999993,2.5
NLOK,1998,1998-03-31,87.4,482.2,0.18,54.9,445.5,57.4,85.1,85.1,1998-03-31,112.1,27,91.3,532.9,299.3,390.6,-0.2
NLOK,1997,1997-03-31,83,443.3,0.08,17.6,369.9,14.5,26,26,1997-03-31,30.4,4.3,88.9,452.9,254.8,352.4,-1.7
NLOK,1996,1996-03-31,109,421.3,-0.05,-48.3,336.5,-1.5,-39.8,-39.8,1996-03-31,-44.4,-4.6,94.7,445.4,262.4,384.7,5.4
NLOK,1995,1995-03-31,90.9,434.4,0.1,40.3,340.3,-2.4,33.4,33.4,1995-03-31,44.6,11.1,70.7,431.3,219.8,300.1,6.7
NLOK,1994,1994-03-31,102,370.2,-0.02,-47.3,301.2,-2.5,-44.4,-44.4,1994-03-31,-45.7,-1.3,68.1,403.2,224.3,348.5,4.1
NLOK,1993,1993-03-31,104.7,257,-0.12,-54,239.9,-1.4,-39.1,-39.1,1993-03-31,-55.4,-16.3,71.1,344.6,210,293.90000000000003,0
NLOK,1992,1992-03-31,67.5,237,0.12,35.3,202.5,,24.1,24.1,1992-03-31,38.1,14,36.2,270,124.2,167.2,2.8
NLOK,1991,1991-03-31,28.6,182.4,0.06,11.9,106.4,-0.7,7.8,7.8,1991-03-31,13.1,5.3,19.3,135,68.7,94.5,1.9
NLOK,1990,1990-03-31,20.2,165.4,0.05,10.2,63.1,0.8,8.8,8.8,1990-03-31,11,2.2,10.6,83.4,42.4,53,
NLOK,1989,1989-03-31,14.6,131.3,0.01,5.8,40.9,-0.2,4.9,4.9,1989-03-31,5.9,1,6.7,55.5,28.3,35,0.2
NLOK,1988,1988-03-31,1.4,84.1,0,0.1,4.6,0,-0.4,0,1988-03-31,0.1,0,1.1,6.1,3.5,4.6,0
NLOK,1987,1987-12-31,2.7,58.4,-0.04,-1,11.6,0,-1,-1.3,1987-12-31,-1,0.3,2.9,14.3,9.6,12.600000000000001,0
NCLH,2019,2019-12-31,3663.261,216.47508,4.34723,1161.401,2799.115,-256.191,930.228,930.228,2019-12-31,911.365,-18.863,,6462.376,974.85,1637.7140000000004,6.155
NCLH,2018,2018-12-31,3377.076,224.41921,4.24853,1219.061,2678.05,-270.404,954.843,954.843,2018-12-31,969.31,14.467,,6055.126,899.341,1458.9889999999996,20.653
NCLH,2017,2017-12-31,3063.644,229.41833,3.30983,1048.819,2332.531,-268.194,759.872,752.213,2017-12-31,770.614,18.401,,5396.175,766.457,1283.712,-10.011
NCLH,2016,2016-12-31,2850.225,227.85029,2.84289,925.464,2024.115,-296.112,633.085,633.085,2016-12-31,640.303,7.218,,4874.34,651.321,1098.6510000000003,10.951
NCLH,2015,2015-12-31,2655.449,230.04013,1.85679,702.486,1689.599,-237.579,427.137,427.137,2015-12-31,433.909,6.772,,4345.048,554.999,987.1129999999998,-30.998
NCLH,2014,2014-12-31,1946.624,212.01778,1.59587,502.941,1179.257,-158.047,338.352,342.601,2014-12-31,340.334,-2.267,,3125.881,403.169,676.316,-4.56
NRG,2019,2019-12-31,7303,264,16.03788,1131,2518,-411,4438,4120,2019-12-31,786,-3334,7,9821,827,1387,66
NRG,2018,2018-12-31,7108,308,2.18429,923,2370,-474,268,460,2018-12-31,467,7,11,9478,799,1447,18
NRG,2017,2017-12-31,6886,317,-0.19716,-869,2188,-571,-2153,-1345,2017-12-31,-1389,-44,22,9074,836,3057,51
NRG,2016,2016-12-31,6676,316,-0.42263,-377,2239,-601,-774,-956,2016-12-31,-931,25,48,8915,1032,2616,47
NRG,2015,2015-12-31,9000,329,-9.4886,-4097,3328,-915,-6382,-6331,2015-12-31,-4986,1345,154,12328,1228,7425,26
NRG,2014,2014-12-31,11779,339,0.97135,1176,4089,-1063,134,132,2014-12-31,135,3,91,15868,1042,2913,22
NRG,2013,2013-12-31,8121,323,0.28,194,3174,-841,-386,-352,2013-12-31,-634,-282,84,11295,895,2980,13
NRG,2012,2012-12-31,6087,234,1.36,857,2335,-624,559,579,2012-12-31,252,-327,36,8422,850,1478,19
NRG,2011,2011-12-31,6675,241,3.02,-35,2404,-630,197,197,2011-12-31,-646,-843,45,9079,668,2439,19
NRG,2010,2010-12-31,6073,254,1.79,1306,2776,-586,477,476,2010-12-31,753,277,55,8849,598,1470,33
NRG,2009,2009-12-31,5323,271,3.28,2159,3629,-593,942,941,2009-12-31,1669,728,48,8952,550,1470,-25
NRG,2008,2008-12-31,3598,275,3.66,2273,3287,-561,1188,1016,2008-12-31,1729,713,46,6885,319,1014,17
NRG,2007,2007-12-31,3378,288,1.91,1560,2611,-635,586,569,2007-12-31,946,377,101,5989,309,1051,20
NRG,2006,2006-12-31,3276,301,1.66,1438,2347,-539,621,555,2006-12-31,880,325,,5623,316,909,-27
NRG,2005,2005-12-31,2067,171,0.5,238,641,-93,84,77,2005-12-31,120,43,,2708,197,403,6
NRG,2004,2004-12-31,1494,201,1.03,399,867,-111,186,162,2004-12-31,227,65,,2361,211,468,-45
NRG,2003,2003-12-31,1553,200,4.55,3111,567,-200,2777,2761,2003-12-31,2777,16,,2121,192,-2544,13
NRG,2002,2002-12-31,1511,200,-5.25,-2588,702,-489,-3464,-2908,2002-12-31,-3073,-165,,2212,250,3358,4
NRG,2001,2001-12-31,1856,393,0.68,715,943,-450,265,265,2001-12-31,299,33,,2799,226,438,34
NRG,2000,2000-12-31,1289,334,0.55,573,729,-305,183,183,2000-12-31,276,93,,2019,172,296,8
NRG,1999,1999-12-31,270,295,0.17,110,163,-96,57,57,1999-12-31,31,-26,,433,84,120,6
NRG,1998,1998-12-31,52,295,0.13,30,48,-53,42,42,1998-12-31,16,-26,,100,56,100,8
NRG,1997,1997-12-31,47,295,0.08,9,45,-31,22,22,1997-12-31,-2,-23,,92,43,62,12
NRG,1996,1996-12-31,37,295,0.07,20,35,-15,20,20,1996-12-31,14,-6,,72,39,47,9
NRG,1995,1995-12-31,33,295,0.11,17,32,-7,31,31,1995-12-31,40,9,,64,35,42,30
NUE,2019,2019-12-31,19888.498,305.503,4.30623,1900.921,2700.36,-118.114,1271.143,1370.91,2019-12-31,1782.807,411.897,,22588.858,732.523,799.4390000000021,
NUE,2018,2018-12-31,20786.484,316.733,7.70983,3310.073,4280.795,-80.682,2360.767,2486.884,2018-12-31,3229.391,742.507,,25067.279,860.722,970.7219999999979,
NUE,2017,2017-12-31,17663.146,320.773,3.55061,1901.716,2589.247,-151.759,1318.688,1205.371,2017-12-31,1749.957,544.586,,20252.393,687.531,687.530999999999,
NUE,2016,2016-12-31,14169.322,319.822,2.4815,1442.039,2038.8,-143.38,796.271,900.416,2016-12-31,1298.659,398.243,,16208.122,596.761,596.7610000000004,
NUE,2015,2015-12-31,15324.874,320.679,0.85633,410.58,1114.402,-168.714,80.724,193.03,2015-12-31,241.866,48.836,,16439.276,458.989,703.8220000000001,
NUE,2014,2014-12-31,19258,320.127,2.16866,1300.943,1847.141,-153.655,679.337,778.564,2014-12-31,1147.288,368.724,,21105.141,520.805,546.1980000000003,
NUE,2013,2013-12-31,17637,319,1.52,933,1415,-142,488,586,2013-12-31,791,206,,19052,482,482,
NUE,2012,2012-12-31,17916,318,1.65,1029,1514,-176,505,593,2012-12-31,853,260,,19429,455,485,
NUE,2011,2011-12-31,18075,317,2.45,1428,1949,-176,778,861,2011-12-31,1252,391,,20024,521,521,
NUE,2010,2010-12-31,15001,317,0.42,452,844,-185,134,206,2010-12-31,267,61,,15845,391,391,
NUE,2009,2009-12-31,11036,315,-0.93,-197,154,-217,-294,-237,2009-12-31,-414,-177,,11190,348,351,
NUE,2008,2008-12-31,19612,306,6.21,2881,4051,-90,1831,1831,2008-12-31,2790,959,,23663,751,1170,
NUE,2007,2007-12-31,13463,298,4.94,2259,3130,-5,1472,1472,2007-12-31,2253,781,,16593,578,871,0
NUE,2006,2006-12-31,11283,309,5.68,2656,3468,37,1758,1758,2006-12-31,2694,936,,14751,592,812,0
NUE,2005,2005-12-31,10085,317,4.13,2021,2616,-4,1310,1310,2005-12-31,2016,706,,12701,494,595,-9
NUE,2004,2004-12-31,9129,320,3.51,1754,2248,-22,1121,1121,2004-12-31,1731,610,,11377,415,494,-2
NUE,2003,2003-12-31,5997,314,0.2,92,269,-25,63,63,2003-12-31,67,4,,6266,165,177,-12
NUE,2002,2002-12-31,4332,313,0.52,244,470,-14,162,162,2002-12-31,230,68,,4802,176,225,-30
NUE,2001,2001-12-31,3820,311,0.36,180,319,-7,113,113,2001-12-31,174,61,,4139,139,139,
NUE,2000,2000-12-31,3925,327,0.95,477,661,1,311,311,2000-12-31,478,167,,4586,183,184,
NUE,1999,1999-12-31,3480,349,0.7,374,529,5,245,245,1999-12-31,379,135,,4009,155,155,
NUE,1998,1998-12-31,3592,352,0.75,411,559,4,264,264,1998-12-31,415,152,,4151,148,148,
NUE,1997,1997-12-31,3579,352,0.84,460,606,0,294,294,1997-12-31,460,166,,4184,145,145,
NUE,1996,1996-12-31,3139,351,0.71,387,508,0,248,248,1996-12-31,388,140,,3647,120,121,
NUE,1995,1995-12-31,2900,350,0.78,431,562,1,275,275,1995-12-31,432,158,,3462,131,131,
NUE,1994,1994-12-31,2492,350,0.65,357,484,,227,227,1994-12-31,357,130,,2976,113,127,
NUE,1993,1993-12-31,1966,349,0.35,187,288,,124,124,1993-12-31,187,64,,2254,88,101,
NUE,1992,1992-12-31,1417,346,0.23,117,202,,79,79,1992-12-31,117,38,,1619,77,85,
NUE,1991,1991-12-31,1303,345,0.19,96,163,,65,65,1991-12-31,96,31,,1465,67,67,
NUE,1990,1990-12-31,1293,343,0.22,111,189,,75,75,1990-12-31,111,36,,1482,70,77,
NUE,1989,1989-12-31,1105,341,0.17,86,164,,58,58,1989-12-31,86,28,,1269,67,78,
NUE,1988,1988-12-31,889,340,0.21,108,172,,109,71,1988-12-31,108,37,,1061,62,65,
NUE,1987,1987-12-31,713,338,0.15,83,138,,51,51,1987-12-31,83,33,,851,55,55,
NUE,1986,1986-12-31,610,342,0.14,84,145,,46,46,1986-12-31,84,38,,755,66,61,
NUE,1985,1985-12-31,601,341,0.17,106,158,,58,58,1985-12-31,106,48,,758,59,51,
NUE,1984,1984-12-31,540,338,0.13,79,121,,45,45,1984-12-31,79,34,,660,46,42,
NUE,1983,1983-12-31,462,338,0.08,48,81,,28,28,1983-12-31,48,20,,543,34,33,
NVDA,2020,2020-01-26,4150,618,4.59282,2846,6768,126,2796,2796,2020-01-26,2970,174,2829,10918,1093,3922,-2
NVDA,2019,2019-01-27,4545,625,6.10808,3804,7171,78,4141,3773,2019-01-27,3896,123,2376,11716,991,3367,14
NVDA,2018,2018-01-28,3892,632,4.61076,3210,5822,8,3047,2914,2018-01-28,3196,282,1797,9714,815,2612,-22
NVDA,2017,2017-01-29,2847,649,2.59263,1934,4063,-29,1666,1666,2017-01-29,1905,239,1463,6910,663,2129,
NVDA,2016,2016-01-31,2199,569,1.30129,747,2811,-8,614,614,2016-01-31,743,129,1331,5010,602,2064,4
NVDA,2015,2015-01-25,2082.03,563.068,1.11991,758.989,2599.477,-18.043,630.587,630.587,2015-01-25,754.836,124.249,1359.725,4681.507,480.763,1840.4879999999998,7.351
NVDA,2014,2014-01-26,1862,595,0.79,496,2268,7,440,440,2014-01-26,510,70,1336,4130,436,1772,7
NVDA,2013,2013-01-27,2054,625,0.93,648,2226,17,563,563,2013-01-27,662,100,1147,4280,431,1578,-3
NVDA,2012,2012-01-29,1941,616,0.97,648,2057,16,581,581,2012-01-29,663,82,1003,3998,406,1409,-1
NVDA,2011,2011-01-30,2134,589,0.32,256,1409,16,253,253,2011-01-30,271,18,849,3543,362,1154,-1
NVDA,2010,2010-01-31,2150,550,0.01,-99,1177,20,-68,-68,2010-01-31,-82,-14,818,3326,286,1275,-3
NVDA,2009,2009-01-25,2251,548,0,-71,1174,42,-30,-30,2009-01-25,-43,-13,856,3425,362,1245,-15
NVDA,2008,2008-01-27,2229,607,1.31,836,1869,64,798,798,2008-01-27,901,104,692,4098,341,1033,1
NVDA,2007,2007-01-28,1768,587,0.76,453,1300,42,449,448,2007-01-28,494,46,553,3069,294,847,-1
NVDA,2006,2006-01-29,1466,549,0.57,337,910,21,301,301,2006-01-29,357,56,357,2376,202,573,-1
NVDA,2005,2005-01-30,1362,527,0.17,95,648,11,89,89,2005-01-30,107,18,348,2010,204,553,1
NVDA,2004,2004-01-25,1298,516,0.12,37,525,7,49,49,2004-01-25,46,-2,292,1823,180,488,3
NVDA,2003,2003-01-26,1333,505,0.25,144,576,7,91,91,2003-01-26,151,60,225,1909,151,432,0
NVDA,2002,2002-01-27,850,513,0.38,242,519,12,177,177,2002-01-27,253,76,155,1369,99,278,-1
NVDA,2001,2001-01-28,462,478,0.21,128,273,17,98,98,2001-01-28,145,46,86,735,59,145,0
NVDA,2000,2000-01-30,233,433,0.09,59,142,2,41,41,2000-01-30,60,19,47,375,36,83,0
NVDA,1999,1999-01-31,110,329,0.01,5,48,0,4,4,1999-01-31,4,0,25,158,19,44,0
NVDA,1998,1998-01-31,10,313,0,1,3,,1,1,1998-01-31,1,0,1,13,1,2,0
NVDA,1997,1997-12-31,21,152,-0.02,-3,8,,-4,-4,1997-12-31,-4,0,7,29,4,12,0
NVDA,1996,1996-12-31,3,137,-0.02,-3,1,,-3,-3,1996-12-31,-3,0,1,4,3,4,0
NVDA,1995,1995-12-31,2,136,-0.05,-6,0,,-6,-6,1995-12-31,-6,0,2,1,4,6,0
NVDA,1994,1994-12-31,0,85,-0.02,-1,0,,-1,-1,1994-12-31,-1,0,0,0,1,1,0
NVDA,1993,1993-12-31,0,81,-0.01,-1,0,,0,0,1993-12-31,0,0,0,0,0,1,0
NVR,2019,2019-12-31,5849.862,3.973,221.12736,1051.175,1578.58,-25.38,878.539,878.539,2019-12-31,1025.795,147.256,,7428.442,527.405,527.4049999999997,
NVR,2018,2018-12-31,5692.127,4.092,194.69697,984.813,1497.525,-25.081,797.197,796.7,2018-12-31,959.732,163.032,,7189.652,512.712,512.7119999999995,
NVR,2017,2017-12-31,4990.378,4.24,141.56203,871.096,1331.896,-24.185,537.521,600.223,2017-12-31,846.911,246.688,,6322.274,460.8,460.8000000000002,
NVR,2016,2016-12-31,4707.861,4.104,103.62135,683.404,1126.724,-21.707,425.262,425.262,2016-12-31,661.697,236.435,,5834.585,443.32,443.3199999999997,
NVR,2015,2015-12-31,4118.782,4.255,89.99459,626.771,1050.78,-23.559,382.927,382.927,2015-12-31,603.212,220.285,,5169.562,424.009,424.009,
NVR,2014,2014-12-31,3568.6,4.4,63.5,476.7,884.6,-23.1,281.6,281.6,2014-12-31,453.5,171.9,,4453.1,407.9,407.9000000000001,
NVR,2013,2013-12-31,3424.2,4.9,54.81,441.1,796.7,-22.4,266.5,266.5,2013-12-31,418.7,152.2,,4220.9,355.6,355.60000000000036,
NVR,2012,2012-12-31,2575.6,5.1,35.12,282.6,617.6,-7.5,180.6,180.6,2012-12-31,275.1,94.5,,3193.2,335,335,
NVR,2011,2011-12-31,2165.6,5.6,23.01,209.5,504,-1.9,129.4,129.4,2011-12-31,207.6,78.2,,2669.6,294.5,294.5,
NVR,2010,2010-12-31,2438.3,6.2,33.42,328.4,619.1,-6,206,206,2010-12-31,322.4,116.4,,3057.4,290.7,290.5999999999999,
NVR,2009,2009-12-31,2185.7,6.1,31.26,309.8,570.4,-11.4,192.2,192.2,2009-12-31,298.4,106.2,,2756.2,260.6,260.7000000000003,
NVR,2008,2008-12-31,3181,5.9,18.23,181.1,533.1,-13.7,100.9,100.9,2008-12-31,167.5,66.6,,3714.1,340.3,352,
NVR,2007,2007-12-31,4227.1,6.2,54.14,553.3,929.4,-13.8,334,334,2007-12-31,539.5,205.6,,5156.4,376,376,
NVR,2006,2006-12-31,4701.3,6.7,88.05,984.2,1455.5,-21.2,587.4,587.4,2006-12-31,963,375.6,,6156.8,471.3,471.3000000000002,
NVR,2005,2005-12-31,3738,7.8,89.61,1160,1537.1,-15.6,697.6,697.6,2005-12-31,1144.4,446.9,,5275.1,377.1,377.10000000000036,
NVR,2004,2004-12-31,3156.3,7.9,66.42,885,1171.4,-13,523.2,523.2,2004-12-31,872,348.8,,4327.7,286.4,286.39999999999964,
NVR,2003,2003-12-31,2711.9,8.7,48.99,711,975.3,-14.8,419.8,419.8,2003-12-31,696.2,276.4,,3687.2,255.8,264.2999999999997,
NVR,2002,2002-12-31,2335.4,9.2,36.05,550.9,800.9,-14.9,331.5,331.5,2002-12-31,536,204.6,,3136.3,250,250,
NVR,2001,2001-12-31,2002.3,9.5,24.86,408.2,621.5,-13.6,236.8,236.8,2001-12-31,394.7,157.9,,2623.8,204.9,213.20000000000005,
NVR,2000,2000-12-31,1834.1,10.6,15.3,282.5,483.2,-15.6,158.2,158.2,2000-12-31,266.9,108.6,,2317.2,186.4,200.60000000000014,
NVR,1999,1999-12-31,1610.7,12.1,9.01,206.2,395.9,-21,108.9,108.9,1999-12-31,185.2,76.3,,2006.6,180.8,189.70000000000005,
NVR,1998,1998-12-31,1273.8,13.3,4.97,134,286,-23.6,56.7,66.1,1998-12-31,110.4,44.3,,1559.8,143.4,152,
NVR,1997,1997-12-31,995.9,13.2,2.18,73.8,192.4,-20,28.9,28.9,1997-12-31,53.9,25,,1188.3,110.9,118.50000000000011,
NVR,1996,1996-12-31,906.3,15.1,1.7,67.6,170.4,-18.9,25.8,25.8,1996-12-31,48.7,22.9,,1076.7,94.7,102.80000000000007,
NVR,1995,1995-12-31,751,15.4,1.06,52.7,150.7,-19.3,17.3,16.4,1995-12-31,33.4,17,,901.8,89.9,98.10000000000002,
NVR,1994,1994-12-31,716.1,17.1,1.72,44.7,138.4,-2.3,30.8,29.3,1994-12-31,42.5,13.1,,854.5,85.2,93.69999999999993,
NVR,1993,1993-12-31,647.7,27.2,-0.08,20.1,151.6,-38.3,125.9,-24.2,1993-12-31,-18.2,6,,799.3,91.8,131.5999999999999,
NVR,1992,1992-12-31,609.9,30.4,0.21,90.4,209.3,-92,-3,-2.7,1992-12-31,-1.6,1.1,,819.2,104.6,119,
NVR,1991,1991-12-31,590.2,30,-1.22,109.8,228.7,-145.4,-36.7,-36.2,1991-12-31,-35.6,0.6,,818.9,118.9,118.79999999999995,
NVR,1990,1990-12-31,922.9,28.6,-0.99,-138.6,158.5,-14.5,-127.5,-127.3,1990-12-31,-153.1,-25.8,,1081.4,147.9,297.1,
NVR,1989,1989-12-31,981.8,27.1,1.02,165.5,312.6,-146.6,30.2,38.1,1989-12-31,18.9,-19.2,,1294.4,147.1,147.10000000000014,
NVR,1988,1988-12-31,981.3,25.5,1.25,201,339.9,-164.1,33.5,42.3,1988-12-31,36.9,-5.3,,1321.3,139,139,
NVR,1987,1987-12-31,735.5,24.3,0.76,223.1,335.2,-189.4,21.6,28.1,1987-12-31,33.8,5.7,,1070.7,112.1,112,
NVR,1986,1986-12-31,198,24.3,0.75,25.2,46.5,-5.7,14,17.1,1986-12-31,19.5,2.4,,244.5,21.3,21.400000000000006,
ORLY,2019,2019-12-31,4755.294,77.788,17.88248,1920.726,5394.691,-131.63,1391.042,1391.042,2019-12-31,1790.329,399.287,,10149.985,3473.965,3473.965,1.233
ORLY,2018,2018-12-31,4496.462,82.28,16.08151,1815.184,5039.966,-119.608,1324.487,1323.187,2018-12-31,1694.087,370.9,,9536.428,3224.782,3224.7819999999992,-1.489
ORLY,2017,2017-12-31,4257.043,89.502,12.07575,1725.4,4720.683,-89.002,1133.804,1080.804,2017-12-31,1637.804,557,,8977.726,2995.283,2995.2830000000004,1.406
ORLY,2016,2016-12-31,4084.085,96.72,10.72882,1699.206,4509.011,-66.707,1037.691,1037.691,2016-12-31,1637.191,599.5,,8593.096,2809.805,2809.8050000000003,4.692
ORLY,2015,2015-12-31,3804.031,101.514,9.17328,1514.021,4162.643,-54.789,931.216,931.216,2015-12-31,1460.366,529.15,,7966.674,2648.622,2648.6220000000003,1.134
ORLY,2014,2014-12-31,3507.2,106,7.34,1270.4,3708.9,-51,778.2,778.2,2014-12-31,1222.2,444,,7216.1,2438.5,2438.5,2.8
ORLY,2013,2013-12-31,3280.2,111.1,6.03,1103.5,3369,-47.1,670.3,670.3,2013-12-31,1058.9,388.7,,6649.2,2265.5,2265.6000000000004,2.5
ORLY,2012,2012-12-31,3084.8,123.3,4.75,977.4,3097.4,-37.8,585.7,585.7,2012-12-31,941.5,355.8,,6182.2,2120,2120,1.9
ORLY,2011,2011-12-31,2951.5,137,3.81,840.9,2837.3,-25.9,507.7,507.7,2011-12-31,815.8,308.1,,5788.8,1973.4,1996.3999999999996,0.8
ORLY,2010,2010-12-31,2776.5,142,2.99,724.4,2621,-37.3,419.4,419.4,2010-12-31,689.4,270,,5397.5,1887.3,1896.6000000000004,2.3
ORLY,2009,2009-12-31,2520.5,137.9,2.23,537.6,2326.5,-43.6,307.5,307.5,2009-12-31,496.9,189.4,,4847.1,1788.9,1788.8999999999996,2.9
ORLY,2008,2008-12-31,1948.6,125.4,1.54,324.3,1627.9,-23,186.2,186.2,2008-12-31,302.5,116.3,,3576.6,1292.3,1303.6,1.2
ORLY,2007,2007-12-31,1401.9,116.1,1.67,305.2,1120.5,0.4,194,194,2007-12-31,307.5,113.5,,2522.3,815.3,815.2999999999997,2
ORLY,2006,2006-12-31,1276.5,115.1,1.55,282.3,1006.7,-2.7,178.1,178.1,2006-12-31,282.3,104.2,,2283.2,724.4,724.4000000000001,2.7
ORLY,2005,2005-12-31,1152.8,113.4,1.45,252.5,892.5,-3.5,164.3,164.3,2005-12-31,251.1,86.8,,2045.3,640,640,2
ORLY,2004,2004-12-31,978.1,111.4,1.06,190.5,743.2,-3.8,139.6,117.7,2004-12-31,187.7,70.1,,1721.2,552.7,552.6999999999999,1.1
ORLY,2003,2003-12-31,873.5,109.1,0.92,165.3,638.3,-6.6,100.1,100.1,2003-12-31,160,60,,1511.8,473.1,473,1.3
ORLY,2002,2002-12-31,759.1,107.4,0.76,138.3,553.4,-8.3,82,82,2002-12-31,131,49,,1312.5,415.1,415.1,0.9
ORLY,2001,2001-12-31,624.3,105.6,0.63,113.8,467.8,-7.7,66.4,66.4,2001-12-31,106.7,40.4,,1092.1,354,354,0.6
ORLY,2000,2000-12-31,507.7,103.5,0.5,90,382.7,-7.9,51.7,51.7,2000-12-31,83.2,31.5,,890.4,292.7,292.7,1.1
ORLY,1999,1999-12-31,428.8,99.4,0.46,76.9,325.3,-4.9,45.6,45.6,1999-12-31,73,27.4,,754.1,248.4,248.40000000000003,1
ORLY,1998,1998-12-31,358.4,86.4,0.36,56.9,257.9,-7.7,30.8,30.8,1998-12-31,49.9,19.2,,616.3,201,201,0.8
ORLY,1997,1997-12-31,181.8,85.1,0.27,37.1,134.6,0.1,23.1,23.1,1997-12-31,37.6,14.4,,316.4,97.5,97.5,0.4
ORLY,1996,1996-12-31,150.8,84.1,0.23,28.9,108.5,0.6,19,19,1996-12-31,30,11.1,,259.2,79.6,79.6,0.5
ORLY,1995,1995-12-31,116.8,71.6,0.2,22,84.7,0,14.1,14.1,1995-12-31,22.3,8.2,,201.5,62.7,62.7,0.2
ORLY,1994,1994-12-31,97.8,69.6,0.16,17.2,69.3,-0.1,11.1,11.1,1994-12-31,17.5,6.5,,167.1,52.1,52.10000000000001,0.5
ORLY,1993,1993-12-31,82.1,66.1,0.12,12.6,55.1,-0.2,8.3,8.2,1993-12-31,12.8,4.6,,137.2,42.5,42.5,0.5
ORLY,1992,1992-12-31,65.1,58.9,0.11,9.9,45.1,-0.4,6.4,6.4,1992-12-31,10.1,3.7,,110.1,35.2,35.2,0.6
ORLY,1991,1991-12-31,56.3,58.6,0.09,8.7,38.7,-0.5,5.4,5.5,1991-12-31,8.6,3.2,,94.9,30,29.900000000000006,0.4
ORLY,1990,1990-12-31,51.5,58.5,0.05,6.1,32.8,-1.7,3,3,1990-12-31,4.7,1.7,,84.3,26.8,26.799999999999997,0.4
OXY,2019,2019-12-31,7946,809.5,1.21705,24,12664,162,-667,-507,2019-12-31,186,693,246,20610,1980,12640,
OXY,2018,2018-12-31,6568,763.3,5.88277,4503,11203,774,4131,3775,2018-12-31,5277,1502,110,17771,2052,6700,
OXY,2017,2017-12-31,5594,765.9,2.75232,695,7059,276,1311,944,2017-12-31,971,27,82,12653,1735,6364,
OXY,2016,2016-12-31,5189,763.8,-0.53155,-1755,5007,-90,-574,-1183,2016-12-31,-1845,-662,62,10196,1607,6762,
OXY,2015,2015-12-31,5804,765.6,0.22466,-9638,6794,-46,-7829,-8354,2015-12-31,-9684,-1330,36,12598,1613,16432,
OXY,2014,2014-12-31,6803,781.1,5.18474,-1204,12639,2428,616,-461,2014-12-31,1224,1685,150,19442,2053,13843,
OXY,2013,2013-12-31,7562,805,7.95,8225,16999,1057,5903,5527,2013-12-31,9282,3755,256,24561,2550,8774,
OXY,2012,2012-12-31,7844,810,8.68,7390,16409,,4598,4272,2012-12-31,7390,3118,345,24253,2282,9019,
OXY,2011,2011-12-31,7385,813,8.49,10459,16734,,6771,6258,2011-12-31,10459,4201,258,24119,2128,6275,
OXY,2010,2010-12-31,6112,814,5.82,7359,13045,,4530,4364,2010-12-31,7359,2995,262,19157,1880,5686,
OXY,2009,2009-12-31,5360,814,3.71,4669,10171,,2915,2751,2009-12-31,4669,1918,267,15531,1808,5502,
OXY,2008,2008-12-31,7423,821,8.78,11371,17057,,6857,6742,2008-12-31,11371,4629,327,24480,1873,5686,
OXY,2007,2007-12-31,6627,839,5.44,8578,13386,,5400,5071,2007-12-31,8578,3507,422,20013,1668,4808,
OXY,2006,2006-12-31,6284,860,5.08,7830,11876,,4182,4364,2006-12-31,7830,3466,295,18160,1418,4046,
OXY,2005,2005-12-31,5534,818,5.68,7133,10725,,5281,5113,2005-12-31,7133,2020,337,16259,1477,3592,
OXY,2004,2004-12-31,4509,802,3.25,4155,7004,,2568,2447,2004-12-31,4155,1708,219,11513,1067,2849,
OXY,2003,2003-12-31,3988,777,2.03,2893,5459,,1527,1666,2003-12-31,2893,1227,139,9447,918,2566,
OXY,2002,2002-12-31,3385,759,1.57,1923,4106,,989,1501,2002-12-31,1923,422,176,7491,658,2183,
OXY,2001,2001-12-31,9488,748,1.95,1892,4730,-143,1154,1186,2001-12-31,1749,563,184,14218,784,2746,
OXY,2000,2000-12-31,8963,738,1.8,3196,5513,-185,1570,1569,2000-12-31,3011,1442,94,14476,691,2384,
OXY,1999,1999-12-31,5059,711,0.94,1257,3451,-58,448,568,1999-12-31,1199,631,75,8510,645,2235,
OXY,1998,1998-12-31,4462,701,0.07,688,2941,,363,325,1998-12-31,688,363,128,7403,709,2231,
OXY,1997,1997-12-31,5060,670,0.2,528,3040,,-390,217,1997-12-31,528,311,119,8100,1138,2513,
OXY,1996,1996-12-31,7037,771,0.9,1152,3782,,668,698,1996-12-31,1152,454,120,10819,1184,2709,
OXY,1995,1995-12-31,6980,698,0.61,913,3605,,511,511,1995-12-31,913,402,106,10585,1194,2801,
OXY,1994,1994-12-31,6726,622,-0.18,-73,2512,1,-35,-35,1994-12-31,108,143,127,9238,985,2583,180
OXY,1993,1993-12-31,5972,610,0.06,-211,2144,1,284,75,1993-12-31,218,143,102,8116,782,2355,428
OXY,1992,1992-12-31,6349,604,0.2,-358,2145,-4,-591,126,1992-12-31,321,195,154,8494,837,2503,683
OXY,1991,1991-12-31,7465,598,0.9,-417,2631,-6,460,379,1991-12-31,980,601,115,10096,954,3048,1403
OXY,1990,1990-12-31,18149,585,-0.49,-1960,3545,-29,-1695,-1688,1990-12-31,-1623,65,130,21694,1195,5505,366
OXY,1989,1989-12-31,16364,539,0.46,205,3704,-26,285,256,1989-12-31,475,219,144,20068,1358,3499,296
OXY,1988,1988-12-31,15782,486,0.63,101,3635,-43,302,313,1988-12-31,574,261,148,19417,1456,3534,516
OXY,1987,1987-12-31,13792,402,0.39,107,3304,-10,240,184,1987-12-31,747,563,144,17096,1136,3197,650
OXY,1986,1986-12-31,12640,301,0.33,-140,2704,-16,181,172,1986-12-31,528,356,175,15344,809,2844,684
OXY,1985,1985-12-31,11454,210,1.13,1580,4190,3,702,461,1985-12-31,1583,1122,220,15644,786,2610,0
OXY,1984,1984-12-31,12057,202,1.6,1653,4181,8,585,585,1984-12-31,1661,1076,255,16238,643,2528,0
OXY,1983,1983-12-31,14935,193,0.76,1879,4775,18,601,515,1983-12-31,1897,1382,263,19710,823,2896,0
