symbol,year,period,costOfGoodsSold,dilutedAverageSharesOutstanding,dilutedEPS,ebit,grossIncome,interestIncomeExpense,netIncome,netIncomeAfterTaxes,period,pretaxIncome,provisionforIncomeTaxes,researchDevelopment,revenue,sgaExpense,totalOperatingExpense,totalOtherIncomeExpenseNet
ODFL,2019,2019-12-31,473.114,120.609,5.10342,818.706,3635.997,6.386,615.518,615.518,2019-12-31,823.949,208.431,,4109.111,2328.589,2817.291,-1.143
ODFL,2018,2018-12-31,491.03,123.02906,4.92297,817.051,3552.665,2.924,605.668,605.668,2018-12-31,815.513,209.845,,4043.695,2276.416,2735.6139999999996,-4.462
ODFL,2017,2017-12-31,381.798,123.60998,2.90328,575.886,2976.314,-1.414,463.774,358.874,2017-12-31,575.832,216.958,,3358.112,1987.629,2400.428,1.36
ODFL,2016,2016-12-31,322.997,124.72966,2.37125,483.835,2668.52,-4.274,295.765,295.765,2016-12-31,477.587,181.822,,2991.517,1812.366,2184.685,-1.974
ODFL,2015,2015-12-31,353.889,128.06687,2.37915,498.24,2618.553,-5.001,304.69,304.69,2015-12-31,490.017,185.327,,2972.442,1733,2120.313,-3.222
ODFL,2014,2014-12-31,432.7,86.2,3.1,441.3,2355.2,-6.5,267.5,267.5,2014-12-31,432.5,165,,2787.9,1536.8,1913.8999999999999,-2.3
ODFL,2013,2013-12-31,385.2,86.2,2.39,338.4,1952.4,-9.5,206.1,206.1,2013-12-31,328.7,122.6,,2337.6,1306.5,1614,-0.3
ODFL,2012,2012-12-31,378.5,86.2,1.97,285.3,1756,-11.4,169.5,169.5,2012-12-31,273.1,103.6,,2134.6,1188.6,1470.8,-0.7
ODFL,2011,2011-12-31,355.2,85.7,1.63,234.1,1548.6,-13.9,139.5,139.5,2011-12-31,220.1,80.6,,1903.8,1065.5,1314.5,-0.1
ODFL,2010,2010-12-31,244.3,83.9,0.9,137.7,1236.7,-12.5,75.7,75.7,2010-12-31,124.4,48.8,,1481,906.2,1099,-0.8
ODFL,2009,2009-12-31,181.3,83.9,0.42,70.4,1063.7,-13,34.9,34.9,2009-12-31,57.2,22.3,,1245,806.4,993.3,-0.2
ODFL,2008,2008-12-31,305.2,83.9,0.82,129.1,1232.6,-13,68.7,68.7,2008-12-31,112.7,44,,1537.7,914.1,1103.5,-3.4
ODFL,2007,2007-12-31,238.9,83.9,0.86,129.9,1162.7,-13,71.8,71.8,2007-12-31,115.8,44,,1401.5,851.7,1032.6999999999998,-1.2
ODFL,2006,2006-12-31,204.4,83.9,0.87,130.5,1075,-10.2,72.6,72.6,2006-12-31,119.3,46.8,,1279.4,778.9,944.5000000000001,-0.9
ODFL,2005,2005-12-31,158,83.9,0.64,97.6,903.4,-6.5,53.5,53.9,2005-12-31,90.3,36.4,,1061.4,668,805.8,-0.8
ODFL,2004,2004-12-31,100.7,82.4,0.47,70.6,723.4,-5.3,39,39,2004-12-31,64.6,25.6,,824.1,541.4,652.6999999999999,-0.7
ODFL,2003,2003-12-31,72.1,81.3,0.34,51.2,595.4,-6.1,27.6,27.6,2003-12-31,45.3,17.7,,667.5,455,544.1999999999999,0.2
ODFL,2002,2002-12-31,56.3,65.6,0.28,36.3,510.2,-5.7,18.5,18.5,2002-12-31,30.3,11.8,,566.5,395.6,473.90000000000003,-0.3
ODFL,2001,2001-12-31,50.8,63.1,0.19,24.7,451.5,-5.9,11.9,11.9,2001-12-31,19.5,7.6,,502.2,354.2,426.7,0.7
ODFL,2000,2000-12-31,50.1,63.1,0.22,26.8,425.7,-4.4,13.7,13.7,2000-12-31,22.5,8.8,,475.8,329.8,399,0.1
ODFL,1999,1999-12-31,36.7,63.2,0.23,28.1,389.6,-4.1,14.4,14.4,1999-12-31,23.5,9.1,,426.4,299.8,361.6,-0.5
ODFL,1998,1998-12-31,31.5,63.2,0.18,22.6,351.6,-4.3,11.1,11.1,1998-12-31,17.9,6.8,,383.1,270.8,329,-0.3
ODFL,1997,1997-12-31,30.3,63.2,0.16,20,298.5,-3.5,10,10,1997-12-31,16.2,6.2,,328.8,228.6,278.5,-0.3
ODFL,1996,1996-12-31,30.3,63.4,0.1,13,262.7,-2.9,6.1,6.1,1996-12-31,9.9,3.8,,293,196.6,249.8,-0.1
ODFL,1995,1995-12-31,22.9,63.5,0.08,9.6,225.1,-1.5,4.8,4.8,1995-12-31,7.8,3,,248.1,170.9,215.5,-0.3
ODFL,1994,1994-12-31,21.7,63.6,0.16,17.6,221.8,-1.1,10,10,1994-12-31,16.4,6.4,,243.5,159.1,204.20000000000002,-0.1
ODFL,1993,1993-12-31,,63.7,0.13,14.5,,-1.1,8.3,8.3,1993-12-31,13.2,4.9,,205.4,180.7,190.9,-0.2
ODFL,1992,1992-12-31,,63.6,0.14,15.4,,-1.3,8,8.7,1992-12-31,14,5.3,,183.9,159.9,168.5,-0.1
ODFL,1991,1991-12-31,,53.1,0.12,13.3,,-2.9,0.2,6.3,1991-12-31,10.1,3.9,,155.9,135.9,142.6,-0.3
ODFL,1990,1990-12-31,,50.6,0.09,11,,-3.2,4.2,4.7,1990-12-31,7.6,2.9,,134.8,118.7,123.8,-0.2
ODFL,1989,1989-12-31,,50.6,0.04,7.4,,-4.1,0,1.9,1989-12-31,3.1,1.3,,114.4,102.4,107.1,-0.1
OMC,2019,2019-12-31,10972.2,220.9,6.06202,2122.3,3981.5,-132.1,1339.1,1433.9,2019-12-31,1938.3,504.4,,14953.7,1627.7,1859.199999999999,-51.9
OMC,2018,2018-12-31,11306.1,227.6,5.3594,2133.5,3984.1,-146.3,1326.4,1460.5,2018-12-31,1924.3,463.8,,15290.2,1765,1850.6000000000004,-62.9
OMC,2017,2017-12-31,11227.2,233.9,5.1009,2083.8,4046.4,-144.3,1088.4,1295,2017-12-31,1884.9,589.9,,15273.6,1680.5,1962.5999999999985,-54.6
OMC,2016,2016-12-31,11419,239.2,4.77467,2030.5,3997.9,-188.7,1148.6,1241.3,2016-12-31,1841.8,600.5,,15416.9,1674.5,1967.3999999999996,
OMC,2015,2015-12-31,11361.9,245.2,4.46126,1920.1,3772.5,-141.5,1093.9,1195,2015-12-31,1778.6,583.6,,15134.4,1852.4,1852.3999999999996,
OMC,2014,2014-12-31,11350,255,4.32,1944,3968,-134,1104,1217,2014-12-31,1810,593,,15318,2024,2024,
OMC,2013,2013-12-31,10724,260,3.81,1825,3860,-164,991,1096,2013-12-31,1661,565,,14585,1993,2035,
OMC,2012,2012-12-31,10381,270,3.54,1804,3839,-145,998,1133,2012-12-31,1660,527,,14219,1752,2034,
OMC,2011,2011-12-31,10251,283,3.8,1671,3622,-122,953,1043,2011-12-31,1549,506,,13873,1677,1950,
OMC,2010,2010-12-31,9214,304,2.7,1460,3328,-110,828,890,2010-12-31,1350,460,,12543,1615,1868,
OMC,2009,2009-12-31,8451,310,2.53,1375,3270,-101,793,841,2009-12-31,1274,434,,11721,1667,1895,
OMC,2008,2008-12-31,9560,315,3.18,1689,3800,-74,1000,1072,2008-12-31,1615,543,,13360,2110,2111,
OMC,2007,2007-12-31,9008,330,2.95,1659,3686,-74,976,1048,2007-12-31,1585,537,,12694,2027,2027,
OMC,2006,2006-12-31,8088,346,2.5,1484,3289,-92,864,925,2006-12-31,1392,467,,11377,1806,1805,
OMC,2005,2005-12-31,7413,364,2.18,1340,3068,-59,791,845,2005-12-31,1281,435,,10481,1728,1728,
OMC,2004,2004-12-31,6847,373,1.94,1215,2900,-37,724,783,2004-12-31,1179,396,,9747,1685,1685,
OMC,2003,2003-12-31,5839,377,1.79,1165,2782,-43,676,741,2003-12-31,1122,381,,8621,1618,1618,
OMC,2002,2002-12-31,4953,375,1.72,1104,2583,-30,643,698,2002-12-31,1074,376,,7536,1479,1479,
OMC,2001,2001-12-31,3950,381,1.35,968,2940,-73,503,543,2001-12-31,895,352,,6889,1972,1971,
OMC,2000,2000-12-31,3633,378,1.37,878,2521,34,499,542,2000-12-31,912,369,,6154,1643,1643,
OMC,1999,1999-12-31,3054,380,1,724,2077,-50,363,400,1999-12-31,674,273,,5131,1352,1352,
OMC,1998,1998-12-31,2416,352,0.84,560,1676,-40,285,304,1998-12-31,520,216,,4092,1116,1116,
OMC,1997,1997-12-31,1835,339,0.68,404,1290,-22,222,225,1997-12-31,381,156,,3125,886,886,
OMC,1996,1996-12-31,1556,323,0.56,327,1086,-21,176,182,1996-12-31,305,124,,2642,760,759,
OMC,1995,1995-12-31,1305,318,0.46,271,952,-28,140,145,1995-12-31,243,97,,2258,682,682,
OMC,1994,1994-12-31,1009,312,0.38,205,747,-23,80,107,1994-12-31,182,74,,1756,543,543,
OMC,1993,1993-12-31,880,301,0.33,169,637,-27,85,83,1993-12-31,143,60,,1516,467,467,
OMC,1992,1992-12-31,798,283,0.29,146,587,-24,69,69,1992-12-31,122,53,,1385,434,441,
OMC,1991,1991-12-31,722,275,0.25,135,514,-23,57,63,1991-12-31,112,49,,1236,379,379,
OMC,1990,1990-12-31,685,262,0.24,127,493,-25,52,56,1990-12-31,102,46,,1178,366,366,
OMC,1989,1989-12-31,577,248,0.21,103,431,-12,47,50,1989-12-31,90,41,,1007,328,328,
OMC,1988,1988-12-31,516,205,0.2,85,365,-7,39,42,1988-12-31,78,35,,881,281,281,
OMC,1987,1987-12-31,481,198,0.18,74,330,-3,35,36,1987-12-31,71,35,,811,256,256,
OMC,1986,1986-12-31,441,195,0.11,21,312,1,-4,-3,1986-12-31,22,25,,754,251,292,
OKE,2019,2019-12-31,6788.04,415.444,3.07977,1914.353,,-337.232,1278.577,1278.577,2019-12-31,1650.991,372.414,,,6.803,1461.9739999999993,9.055
OKE,2018,2018-12-31,9422.708,414.195,2.77682,1835.464,,-311.237,1151.703,1155.032,2018-12-31,1517.935,362.903,,,,1335.0239999999994,-14.254
OKE,2017,2017-12-31,9538.045,299.78,1.80803,1387.501,,-326.38,387.841,734.819,2017-12-31,1040.801,305.982,,,,1248.3610000000008,-20.427
OKE,2016,2016-12-31,6496.124,212.383,1.63192,1295.778,,-329.961,352.039,745.55,2016-12-31,957.956,212.406,,,,1129.0320000000002,-8.07
OKE,2015,2015-12-31,5641.052,210.541,2.09931,815.576,,-291.487,244.977,385.276,2015-12-31,521.876,136.6,,,,1306.5780000000004,-4.392
OKE,2014,2014-12-31,10088.548,210.427,1.49378,1143.571,,-315.16,314.107,668.715,2014-12-31,819.873,151.158,,,,962.9719999999998,-23.475
OKE,2013,2013-12-31,12313,210,1.23,927,,-224,267,577,2013-12-31,740,163,,14603,,1363,7
OKE,2012,2012-12-31,10282,211,1.66,1103,,-179,361,729,2012-12-31,944,215,,12633,,1248,8
OKE,2011,2011-12-31,12425,214,1.67,1159,,-170,361,758,2011-12-31,984,226,,14806,,1222,-8
OKE,2010,2010-12-31,10958,216,1.49,944,,-190,335,541,2010-12-31,755,214,,13030,,1128,0
OKE,2009,2009-12-31,9096,213,1.42,895,,-228,305,491,2009-12-31,699,207,,11112,,1121,5
OKE,2008,2008-12-31,14222,212,1.47,917,,-163,312,600,2008-12-31,795,194,,16157,,1018,-11
OKE,2007,2007-12-31,11667,219,1.39,823,,-166,305,498,2007-12-31,683,185,,13477,,988,14
OKE,2006,2006-12-31,10177,229,0.97,862,,-144,306,529,2006-12-31,722,194,,11896,,858,5
OKE,2005,2005-12-31,11338,216,1.1,799,,-142,547,403,2005-12-31,646,243,,12676,,539,-11
OKE,2004,2004-12-31,4744,211,1.15,490,,-100,242,242,2004-12-31,392,150,,5988,,754,3
OKE,2003,2003-12-31,1863,194,1.07,446,,-100,112,214,2003-12-31,345,131,,2999,,690,-2
OKE,2002,2002-12-31,1129,201,0.65,371,,-105,167,156,2002-12-31,258,102,,2104,,604,-8
OKE,2001,2001-12-31,5894,199,0.46,295,,-140,102,104,2001-12-31,156,52,,6803,,614,1
OKE,2000,2000-12-31,5846,197,0.62,334,,-119,146,143,2000-12-31,234,90,,6643,,463,18
OKE,1999,1999-12-31,524,202,0.11,86,,-28,35,35,1999-12-31,58,23,,809,,199,
OKE,1998,1999-08-31,1156,206,0.52,220,,-53,106,106,1999-08-31,173,67,,1843,,467,7
OKE,1997,1998-08-31,1220,183,0.56,203,,-35,102,102,1998-08-31,168,67,,1835,,412,
OKE,1996,1997-08-31,726,111,0.53,128,,-34,59,59,1997-08-31,94,35,,1162,,308,
OKE,1995,1996-08-31,808,109,0.48,121,,-35,53,53,1996-08-31,86,33,,1224,,296,
OKE,1994,1995-08-31,568,107,0.39,106,,-37,43,43,1995-08-31,68,25,,950,,276,
OKE,1993,1994-08-31,427,107,0.34,92,,-35,36,36,1994-08-31,57,21,,784,,265,
OKE,1992,1993-08-31,427,107,0.36,97,,-37,38,38,1993-08-31,59,21,,789,,266,
OKE,1991,1992-08-31,298,106,0.3,81,,-32,33,33,1992-08-31,48,16,,677,,298,
OKE,1990,1991-08-31,354,107,0.33,75,,-26,36,36,1991-08-31,48,13,,689,,261,
OKE,1989,1990-08-31,372,107,0.3,73,,-25,33,33,1990-08-31,48,15,,668,,223,
OKE,1988,1989-08-31,309,112,0.32,71,,-25,37,37,1989-08-31,46,9,,618,,239,
OKE,1987,1988-08-31,270,112,0.06,57,,-36,22,7,1988-08-31,21,14,,571,,244,
OKE,1986,1987-08-31,299,112,0.17,66,,-40,19,19,1987-08-31,26,7,,587,,222,
OKE,1985,1986-08-31,407,110,0.31,80,,-39,34,34,1986-08-31,40,6,,737,,250,
OKE,1984,1985-08-31,689,106,0.32,84,,-40,35,35,1985-08-31,44,10,,1049,,276,
OKE,1983,1984-08-31,818,101,0.4,90,,-40,41,41,1984-08-31,49,8,,1169,,261,
OKE,1982,1983-08-31,742,97,0.42,83,,-44,31,31,1983-08-31,39,8,,1059,,234,
ORCL,2020,2020-05-31,7938,3294,3.15486,13896,31130,-1817,10135,10135,2020-05-31,12063,1928,6067,39068,9275,17234,-16
ORCL,2019,2019-05-31,7995,3732,2.97924,13535,31511,-1253,11083,10694,2019-05-31,12268,1574,6026,39506,9774,17976,-14
ORCL,2018,2018-05-31,8060,4238,2.59454,13264,31323,-1031,3587,10457,2018-05-31,12424,1967,6084,39383,9715,18059,191
ORCL,2017,2017-05-31,7452,4217,2.35002,12913,30340,-1264,9452,9452,2017-05-31,11680,2228,6153,37792,9257,17427,31
ORCL,2016,2016-05-31,7479,4305,2.15795,12604,29568,-1155,8901,8901,2016-05-31,11442,2541,5787,37047,9039,16964,-7
ORCL,2015,2015-05-31,7532,4503,2.27885,13871,30694,-1064,9938,9938,2015-05-31,12834,2896,5524,38226,8732,16823,27
ORCL,2014,2014-05-31,7236,4604,2.42,14759,31039,-1124,10955,10955,2014-05-31,13704,2749,5151,38275,8605,16280,69
ORCL,2013,2013-05-31,7379,4844,2.21,14684,29801,-834,10925,10925,2013-05-31,13898,2973,4850,37180,8134,15117,48
ORCL,2012,2012-05-31,7858,5095,2.01,13706,29263,-759,9981,9981,2012-05-31,12962,2981,4523,37121,8253,15557,15
ORCL,2011,2011-05-31,8398,5128,1.75,12033,27224,-731,8547,8547,2011-05-31,11411,2864,4519,35622,7669,15191,109
ORCL,2010,2010-05-31,5764,5073,1.32,9062,21056,-875,6135,6135,2010-05-31,8243,2108,3254,26820,5991,11994,56
ORCL,2009,2009-05-31,4794,5130,1.12,8321,18458,-490,5593,5593,2009-05-31,7834,2241,2767,23252,5423,10137,3
ORCL,2008,2008-05-31,4981,5229,1.08,7844,17449,-77,5521,5521,2008-05-31,7834,2313,2741,22430,5487,9605,67
ORCL,2007,2007-05-31,4191,5269,0.83,5974,13805,-74,4274,4274,2007-05-31,5986,1712,2195,17996,4599,7831,86
ORCL,2006,2006-05-31,3235,5287,0.67,4736,11145,38,3381,3381,2006-05-31,4810,1429,1872,14380,3732,6409,36
ORCL,2005,2005-05-31,2651,5231,0.6,4022,9148,-4,2886,2886,2005-05-31,4051,1165,1491,11799,3061,5126,33
ORCL,2004,2004-05-31,2317,5326,0.51,3864,7839,76,2681,2681,2004-05-31,3945,1264,1254,10156,2631,3975,5
ORCL,2003,2003-05-31,2342,5418,0.43,3440,7133,-23,2307,2307,2003-05-31,3425,1118,1159,9475,2491,3693,8
ORCL,2002,2002-05-31,2406,5689,0.41,3571,7267,-98,2224,2224,2002-05-31,3408,1184,1076,9673,2620,3696,-65
ORCL,2001,2001-05-31,2897,5865,0.44,3777,8064,248,2561,2561,2001-05-31,3971,1410,1139,10961,3148,4287,-54
ORCL,2000,2000-05-31,3044,5996,1.05,3080,7187,7060,6297,6297,2000-05-31,10123,3826,1010,10231,3097,4107,-17
ORCL,1999,1999-05-31,3064,5937,0.23,1873,5763,122,1290,1290,1999-05-31,1982,692,841,8827,3049,3890,-12
ORCL,1998,1998-05-31,2274,5998,0.16,1244,4870,74,814,814,1998-05-31,1328,514,719,7144,2740,3626,10
ORCL,1997,1997-05-31,1550,6056,0.15,1263,4134,41,821,821,1997-05-31,1284,462,555,5684,2279,2871,-20
ORCL,1996,1996-05-31,1096,6036,0.11,905,3127,27,603,603,1996-05-31,920,316,389,4223,1782,2222,-12
ORCL,1995,1995-05-31,779,5989,0.07,650,2188,14,442,442,1995-05-31,659,217,261,2967,1278,1538,-5
ORCL,1994,1994-05-31,499,5989,0.05,420,1502,11,284,284,1994-05-31,423,140,197,2001,885,1082,-8
ORCL,1993,1993-05-31,347,5932,0.03,217,1156,5,98,142,1993-05-31,218,76,146,1503,769,939,-4
ORCL,1992,1992-05-31,282,5782,0.01,114,897,-12,62,62,1992-05-31,96,35,111,1178,673,783,-5
ORCL,1991,1991-05-31,266,5403,0,18,762,-31,-12,-12,1991-05-31,-13,-1,83,1028,652,744,
ORCL,1990,1990-05-31,160,5541,0.01,135,756,-17,81,81,1990-05-31,118,37,88,916,532,621,
ORCL,1989,1989-05-31,101,5470,0.01,110,470,-3,68,73,1989-05-31,107,34,53,571,307,360,
ORCL,1988,1988-05-31,51,5384,0.01,64,231,1,43,43,1988-05-31,65,22,26,282,141,167,
ORCL,1987,1987-05-31,19,5064,0,28,113,-1,16,16,1987-05-31,28,12,10,131,74,84,
ORCL,1986,1986-05-31,0,4444,0,11,55,0,6,6,1986-05-31,10,5,7,55,38,45,
ORCL,1985,1985-05-31,0,4137,0,3,23,0,2,2,1985-05-31,3,1,4,23,17,20,
ORCL,1984,1984-05-31,0,3998,0,3,13,0,1,1,1984-05-31,2,1,2,13,8,10,
OTIS,2019,2019-12-31,9292,433.11172,2.65687,1814,3826,14,1116,1267,2019-12-31,1861,594,163,13118,1775,2012,33
OTIS,2018,2018-12-31,9189,433.11172,2.52679,1835,3726,,1049,1210,2018-12-31,1893,683,181,12915,1687,1891,58
OTIS,2017,2017-12-31,8621,433.11172,1.52094,1916,3702,,636,809,2017-12-31,1957,1148,175,12323,1617,1786,41
PCAR,2019,2019-12-31,20555.1,347.5,6.87165,3206,5044.6,-106.8,2387.9,2387.9,2019-12-31,3099.2,711.3,326.6,25599.7,713.8,1838.6000000000022,
PCAR,2018,2018-12-31,18925.3,351.8,6.23962,2876.8,4570.4,-66.6,2195.1,2195.1,2018-12-31,2810.2,615.1,306.1,23495.7,659.5,1693.6000000000022,
PCAR,2017,2017-12-31,15593.4,352.9,4.2556,2294,3863,-120.7,1675.2,1501.8,2017-12-31,2173.3,671.5,264.7,19456.4,576.8,1569.0000000000018,
PCAR,2016,2016-12-31,13517.3,351.8,2.57574,1243.4,3515.6,-113,521.7,521.7,2016-12-31,1130.4,608.7,247.2,17032.9,556.8,2272.2000000000007,
PCAR,2015,2015-12-31,15292.8,355.6,4.51069,2442.6,3822.3,-105.5,1604,1604,2015-12-31,2337.1,733.1,239.8,19115.1,556.2,1379.7000000000007,
PCAR,2014,2014-12-31,15487,356,3.82,2134,3510,-117,1359,1359,2014-12-31,2018,659,216,18997,572,1376,
PCAR,2013,2013-12-31,13902,355,3.3,1826,3222,-131,1171,1171,2013-12-31,1695,524,251,17124,572,1396,
PCAR,2012,2012-12-31,13909,356,3.12,1754,3142,-125,1112,1112,2012-12-31,1629,517,279,17051,592,1388,
PCAR,2011,2011-12-31,13523,364,2.86,1479,2832,28,1042,1042,2011-12-31,1507,465,288,16355,588,1353,
PCAR,2010,2010-12-31,8412,366,1.25,649,1881,12,458,458,2010-12-31,660,203,239,10293,543,1232,
PCAR,2009,2009-12-31,6775,365,0.19,196,1311,-21,112,112,2009-12-31,175,63,199,8087,526,1115,
PCAR,2008,2008-12-31,12131,366,2.78,1378,2842,86,1018,1018,2008-12-31,1464,446,342,14973,681,1464,
PCAR,2007,2007-12-31,12309,373,3.29,1650,2913,114,1227,1227,2007-12-31,1764,537,256,15222,643,1262,
PCAR,2006,2006-12-31,13610,377,3.97,2094,2844,82,1496,1496,2006-12-31,2175,679,163,16454,587,750,
PCAR,2005,2005-12-31,11657,389,2.92,1717,2401,57,1133,1133,2005-12-31,1774,640,118,14057,555,684,
PCAR,2004,2004-12-31,9565,395,2.34,1308,1832,60,907,907,2004-12-31,1368,461,,11396,489,523,
PCAR,2003,2003-12-31,6981,396,1.33,764,1214,41,527,527,2003-12-31,806,279,,8195,447,450,
PCAR,2002,2002-12-31,6185,393,0.95,546,1034,29,372,372,2002-12-31,574,202,,7219,477,488,
PCAR,2001,2001-12-31,5354,389,0.45,220,746,35,174,174,2001-12-31,255,82,,6101,516,527,
PCAR,2000,2000-12-31,6808,390,1.14,630,1128,35,442,442,2000-12-31,665,223,,7937,488,498,
PCAR,1999,1999-12-31,7502,399,1.42,852,1519,38,584,584,1999-12-31,923,340,,9021,658,667,
PCAR,1998,1998-12-31,6609,398,1.06,620,1286,33,417,417,1998-12-31,653,236,,7895,657,666,
PCAR,1997,1997-12-31,5701,395,0.79,454,1063,25,345,345,1997-12-31,535,190,,6764,597,608,
PCAR,1996,1996-12-31,3885,393,0.52,285,717,26,201,201,1996-12-31,313,112,,4602,428,432,2
PCAR,1995,1995-12-31,4094,393,0.65,359,756,26,253,253,1995-12-31,400,147,,4850,395,398,15
PCAR,1994,1994-12-31,3800,394,0.52,313,705,24,205,205,1994-12-31,320,116,,4505,390,393,-17
PCAR,1993,1993-12-31,3024,394,0.36,201,534,18,142,142,1993-12-31,220,78,,3557,331,332,1
PCAR,1992,1992-12-31,2346,394,0.17,72,410,18,65,65,1992-12-31,92,26,,2756,335,338,1
PCAR,1991,1991-12-31,2012,395,0.1,-14,327,25,55,40,1991-12-31,48,9,,2339,336,341,37
PCAR,1990,1990-12-31,2368,404,0.17,43,410,35,64,64,1990-12-31,94,30,,2778,354,367,17
PCAR,1989,1989-12-31,2949,408,0.47,311,574,32,242,242,1989-12-31,363,121,,3523,334,263,20
PCAR,1988,1988-12-31,2749,418,0.42,228,518,24,176,176,1988-12-31,268,92,,3267,282,290,15
PCAR,1987,1987-12-31,2164,418,0.27,160,387,20,112,112,1987-12-31,185,73,,2551,222,227,6
PCAR,1986,1986-12-31,1662,419,0.16,67,253,20,54,54,1986-12-31,87,33,,1915,165,186,0
PCAR,1985,1985-12-31,1669,422,0.17,104,255,0,73,73,1985-12-31,118,46,,1923,148,151,15
PCAR,1984,1984-12-31,1950,423,0.3,191,338,0,125,125,1984-12-31,200,75,,2289,145,148,9
PCAR,1983,1983-12-31,1253,422,0.09,51,185,0,40,40,1983-12-31,64,24,,1439,131,135,13
PKG,2019,2019-12-31,5320.3,94.1,7.55521,1053.7,1644,-123.7,696.4,696.4,2019-12-31,917,220.6,,6964.3,557.6,590.3000000000002,-13
PKG,2018,2018-12-31,5369.3,93.9,8.05606,1067.7,1645.3,-91.9,738,736,2018-12-31,970.5,234.5,,7014.6,536.4,577.5999999999995,-5.3
PKG,2017,2017-12-31,4972.7,93.7,5.87474,931.2,1472.2,-102.6,668.6,546.5,2017-12-31,828.6,282.1,,6444.9,522.6,541,
PKG,2016,2016-12-31,4503.3,93.7,4.88375,780.3,1275.7,-91.8,449.6,449.6,2016-12-31,688.5,238.9,,5779,471.1,495.39999999999964,
PKG,2015,2015-12-31,4533.7,96.7,4.55234,750,1208,-85.5,436.8,436.8,2015-12-31,664.5,227.7,,5741.7,451.3,458,
PKG,2014,2014-12-31,4623.1,97.1,4.35,702.7,1229.5,-88.4,392.6,392.6,2014-12-31,614.3,221.7,,5852.6,469.5,526.7999999999993,2.3
PKG,2013,2013-12-31,2806.1,97.5,5.01,473.6,859.2,-58.3,436.3,436.3,2013-12-31,415.3,-21,,3665.3,326.6,385.5999999999999,0.2
PKG,2012,2012-12-31,2204.2,97.5,1.37,443.5,639.6,-62.9,163.8,163.8,2012-12-31,380.6,216.7,,2843.9,279.9,196.20000000000027,11.8
PKG,2011,2011-12-31,2078.2,100.4,1.64,272.7,541.9,-29.2,158,158,2011-12-31,243.5,85.5,,2620.1,260.1,269.2000000000003,2.1
PKG,2010,2010-12-31,1903.4,102.6,2.35,185.4,532.2,-32.3,205.4,205.4,2010-12-31,153.1,-52.3,,2435.6,242.1,346.7999999999997,11.5
PKG,2009,2009-12-31,1721,102.4,0.45,352.5,426.6,-35.5,265.9,265.9,2009-12-31,317,51.1,,2147.6,226.4,74.09999999999991,15.3
PKG,2008,2008-12-31,1869.1,103.6,1.33,241.8,491.4,-31.7,135.6,135.6,2008-12-31,210.1,74.5,,2360.5,237.7,249.5999999999999,8.6
PKG,2007,2007-12-31,1791,105.5,1.61,293.5,525,-25.6,170.1,170.1,2007-12-31,267.9,97.8,,2316,224.5,231.5999999999999,8.1
PKG,2006,2006-12-31,1743.2,104.5,1.2,225.9,443.9,-31.2,125,125,2006-12-31,194.7,69.7,,2187,209.4,217.89999999999986,8.5
PKG,2005,2005-12-31,1686.8,108.1,0.49,116.1,306.8,-28.1,52.6,52.6,2005-12-31,88,35.4,,1993.7,194,190.70000000000005,10.7
PKG,2004,2004-12-31,1592.4,107.6,0.64,140.5,297.7,-29.6,68.7,68.7,2004-12-31,110.9,42.2,,1890.1,180.8,157.19999999999982,6.2
PKG,2003,2003-12-31,1437.7,104.6,-0.04,96.9,297.9,-121.7,-14.4,-14.4,2003-12-31,-24.9,-10.5,,1735.5,173.9,201,12.3
PKG,2002,2002-12-31,1409.3,107.2,0.45,145.3,326.6,-67.7,48.2,48.2,2002-12-31,77.6,29.4,,1735.9,173.2,181.29999999999995,8.1
PKG,2001,2001-12-31,1372,108.8,0.99,249.5,417.9,-74,106.4,107.5,2001-12-31,175.4,67.9,,1790,164.2,168.5,4.3
PKG,2000,2000-12-31,1422.4,107.5,1.44,404.8,499.5,-117.7,161.9,173,2000-12-31,287.2,114.2,,1921.9,154.6,94.59999999999991,-60
PKG,1999,1999-12-31,973.5,96.5,0.39,192.2,288.8,-107.6,40.5,47.4,1999-12-31,84.6,37.2,,1262.3,107.6,96.59999999999991,-11
PKG,1998,1998-12-31,1289.6,94.6,0.85,121.8,281.4,-2.8,71.4,71.4,1998-12-31,119,47.5,,1571,172.1,159.70000000000005,-26.8
PKG,1997,1997-12-31,1242,94.6,0.29,49.8,169.4,-3.7,27.4,27.4,1997-12-31,46.1,18.7,,1411.4,164.2,119.59999999999991,-44.7
PKG,1996,1996-12-31,1337.4,94.6,0.96,155.3,244.8,-5.1,90.4,90.4,1996-12-31,150.2,59.8,,1582.2,145.7,89.5,-56.2
PKG,1995,1995-12-31,1328.8,94.6,2.37,372.7,515.9,-1.5,224.1,224.1,1995-12-31,371.2,147.1,,1844.7,126.2,143.20000000000005,16.9
PKG,1994,1994-12-31,1203,94.6,0.81,128,238.7,-0.7,76.5,76.5,1994-12-31,127.2,50.8,,1441.7,106,110.70000000000005,4.7
PH,2020,2020-06-30,10227.727,129.80503,9.75034,1512.627,3467.793,,1206.341,1206.703,2020-06-30,1512.627,305.924,,13695.52,1688.78,1955.1659999999993,
PH,2019,2019-06-30,10688.834,131.78162,11.8165,1933.425,3631.49,,1512.364,1527.416,2019-06-30,1933.425,406.009,,14320.324,1530.759,1698.0649999999987,
PH,2018,2018-06-30,10717.892,135.42683,11.40238,1702.277,3584.5,,1060.801,1438.315,2018-06-30,1702.277,263.962,,14302.392,1620.339,1882.223,
PH,2017,2017-06-30,9153.03,135.55976,7.32621,1328.641,2876.282,,983.412,983.844,2017-06-30,1328.641,344.797,,12029.312,1434.254,1547.6409999999996,
PH,2016,2016-06-30,8747.187,136.91169,6.34973,1114.728,2613.566,,806.84,807.216,2016-06-30,1114.728,307.512,,11360.753,1338.309,1498.8379999999997,
PH,2015,2015-06-30,9635.826,145.11215,7.1658,1432.24,3075.918,,1012.14,1012.553,2015-06-30,1432.24,419.687,,12711.744,1531.858,1643.6780000000017,
PH,2014,2014-06-30,10125,151,6.36,1557,3091,,1041,1041,2014-06-30,1557,515,,13216,1595,1534,-27
PH,2013,2013-06-30,10078,152,6.28,1311,2937,,948,949,2013-06-30,1311,362,,13016,1551,1627,-20
PH,2012,2012-06-30,9958,155,7.47,1577,3188,,1152,1155,2012-06-30,1577,421,,13146,1519,1611,1
PH,2011,2011-06-30,9387,165,6.41,1414,2958,,1049,1057,2011-06-30,1414,357,,12346,1468,1545,-15
PH,2010,2010-06-30,7847,163,3.67,755,2146,,554,556,2010-06-30,755,198,,9993,1277,1391,0
PH,2009,2009-06-30,8181,163,3.12,681,2128,,509,509,2009-06-30,681,173,,10309,1290,1447,44
PH,2008,2008-06-30,9339,172,5.52,1327,2807,,949,949,2008-06-30,1327,377,,12146,1364,1480,20
PH,2007,2007-06-30,8273,177,4.61,1159,2445,,830,830,2007-06-30,1159,329,,10718,1227,1286,-7
PH,2006,2006-06-30,7368,181,3.58,900,2018,,673,638,2006-06-30,900,262,,9386,1037,1118,-9
PH,2005,2005-06-30,6508,181,3.05,756,1707,,605,548,2005-06-30,756,209,,8215,872,951,7
PH,2004,2004-06-30,5742,179,1.93,494,1365,,346,346,2004-06-30,494,148,,7107,800,871,-2
PH,2003,2003-06-30,5310,175,1.13,297,1101,,196,196,2003-06-30,297,101,,6411,721,803,-3
PH,2002,2002-06-30,5117,174,0.91,218,1033,,130,130,2002-06-30,218,88,,6149,686,814,-2
PH,2001,2001-06-30,4728,173,1.82,534,1251,,341,344,2001-06-30,534,189,,5980,680,718,-5
PH,2000,2000-06-30,4157,167,2.23,562,1199,,368,368,2000-06-30,562,194,,5355,576,636,-4
PH,1999,1999-06-30,3869,165,1.9,478,1089,,311,311,1999-06-30,478,167,,4959,551,612,-5
PH,1998,1998-06-30,3551,168,1.92,504,1082,,320,323,1998-06-30,504,181,,4633,532,578,-7
PH,1997,1997-06-30,3153,169,1.61,425,938,,274,274,1997-06-30,425,151,,4091,475,513,-6
PH,1996,1996-06-30,2756,168,1.43,374,830,,240,240,1996-06-30,374,135,,3586,425,456,-9
PH,1995,1995-06-30,2448,167,1.33,348,766,,218,218,1995-06-30,348,130,,3214,385,418,-2
PH,1994,1994-06-30,2053,167,0.69,144,523,,79,84,1994-06-30,144,60,,2576,303,379,-16
PH,1993,1993-06-30,2005,164,0.48,108,484,,65,65,1993-06-30,108,43,,2489,311,376,-4
PH,1992,1992-06-30,1926,163,0.44,105,450,,11,63,1992-06-30,105,42,,2376,283,344,-5
PH,1991,1991-06-30,1977,163,0.41,103,463,,59,59,1991-06-30,103,44,,2441,290,360,-3
PH,1990,1990-06-30,1927,165,0.67,183,525,,111,110,1990-06-30,183,73,,2453,283,342,-3
PH,1989,1989-06-30,1983,165,0.64,171,537,,124,103,1989-06-30,171,68,,2520,312,367,-4
PH,1988,1988-06-30,1755,166,0.66,164,497,,107,107,1988-06-30,164,57,,2252,295,333,-5
PH,1987,1987-06-30,1439,161,0.53,157,438,,85,85,1987-06-30,157,71,,1877,259,281,-8
PH,1986,1986-06-30,1316,157,0.56,155,414,,88,88,1986-06-30,155,67,,1730,237,259,-3
PH,1985,1985-06-30,1107,153,0.55,149,352,,84,84,1985-06-30,149,65,,1460,191,204,-4
PH,1984,1984-06-30,996,149,0.48,124,309,,71,71,1984-06-30,124,53,,1305,174,185,-5
PH,1983,1983-06-30,865,152,0.21,50,221,,31,31,1983-06-30,50,18,,1086,155,171,-2
PAYX,2020,2020-05-31,,361,3.04183,1460.5,,-15.2,1098.1,1098.1,2020-05-31,1437.1,339,,4040.5,1480.8,2580,-8.2
PAYX,2019,2019-05-31,,361.8,2.86374,1371.3,,-3.3,1034.4,1036.1,2019-05-31,1368,331.9,,3772.5,1396.8,2401.2,
PAYX,2018,2018-05-31,,361.5,2.51895,1291.5,,8.6,994.1,910.6,2018-05-31,1300.1,389.5,,3377.7,1235.2,2086.2,
PAYX,2017,2017-05-31,,362.6,2.27882,1253.9,,5.2,826.3,826.3,2017-05-31,1259.1,432.8,,3153,1175.9,1899.1,
PAYX,2016,2016-05-31,,362.5,2.08772,1146.6,,4.5,756.8,756.8,2016-05-31,1151.1,394.3,,2951.9,1148.2,1805.3,
PAYX,2015,2015-05-31,808,364.6,1.85107,1053.6,1931.6,6.4,674.9,674.9,2015-05-31,1060,385.1,,2739.6,878,878,
PAYX,2014,2014-05-31,732.5,366.1,1.71,982.7,1786.4,5.4,627.5,627.5,2014-05-31,988.1,360.6,,2518.9,803.7,803.7,
PAYX,2013,2013-05-31,671.3,364.7,1.56,904.8,1654.9,6.6,569,569,2013-05-31,911.4,342.4,,2326.2,750.1,750.1000000000001,
PAYX,2012,2012-05-31,670.1,363,1.51,853.9,1559.7,6.4,548,548,2012-05-31,860.3,312.3,,2229.8,705.8,705.8000000000001,
PAYX,2011,2011-05-31,651.5,362.4,1.42,786.4,1432.8,5.8,515.3,515.3,2011-05-31,792.2,276.9,,2084.3,646.4,646.4000000000001,
PAYX,2010,2010-05-31,653.6,361.7,1.32,724.8,1347.2,4.5,477,477,2010-05-31,729.3,252.3,,2000.8,622.4,622.4,
PAYX,2009,2009-05-31,680.5,361,1.48,805.2,1402.2,6.9,533.5,533.5,2009-05-31,812.1,278.5,,2082.8,597,597.0999999999999,
PAYX,2008,2008-05-31,660.7,369.5,1.56,828.3,1405.6,26.5,576.1,576.1,2008-05-31,854.8,278.7,,2066.3,577.3,577.3999999999999,
PAYX,2007,2007-05-31,615.5,382.8,1.35,701.5,1271.5,41.7,515.4,515.4,2007-05-31,743.3,227.8,,1887,569.9,569.9000000000001,
PAYX,2006,2006-05-31,560.3,381.4,1.22,649.6,1114.3,25.2,464.9,464.9,2006-05-31,674.8,209.9,,1674.6,464.8,464.70000000000005,
PAYX,2005,2005-05-31,499,379.8,0.97,533.8,946.1,12.4,368.8,368.8,2005-05-31,546.2,177.3,,1445.1,412.3,412.4,
PAYX,2004,2004-05-31,463.5,379.5,0.8,433.3,830.9,16.5,303,303,2004-05-31,449.8,146.8,,1294.3,397.6,397.5,
PAYX,2003,2003-05-31,258.9,378.1,0.78,401,840.2,30.5,293.5,293.5,2003-05-31,431.5,138.1,,1099.1,439.2,439.1,
PAYX,2002,2002-05-31,220.7,378,0.73,363.7,734.2,31.3,274.5,274.5,2002-05-31,395,120.5,,954.9,370.5,370.50000000000006,
PAYX,2001,2001-05-31,200.4,377.5,0.68,336.7,669.5,27.3,254.9,254.9,2001-05-31,364,109.1,,869.9,332.8,332.80000000000007,
PAYX,2000,2000-05-31,173.5,375.1,0.51,258.9,554.6,16.5,190,190,2000-05-31,275.4,85.4,,728.1,295.7,295.7,
PAYX,1999,1999-05-31,152,373.2,0.37,187.6,445.3,12.6,139.1,139.1,1999-05-31,200.1,61,,597.3,257.8,257.7,
PAYX,1998,1998-05-31,131.7,370.8,0.28,134.7,362,9.5,102.2,102.2,1998-05-31,144.2,42,,493.7,227.3,227.3,
PAYX,1997,1997-05-31,115,368.5,0.2,96.6,284.7,7,75.2,75.2,1997-05-31,103.7,28.5,,399.7,188.1,188.10000000000002,
PAYX,1996,1996-05-31,101.2,364.9,0.15,69.9,232.1,5.5,55,55,1996-05-31,75.4,20.4,,333.3,162.2,162.2,
PAYX,1995,1995-05-31,81.7,356,0.11,52.3,190.5,3.5,40.4,40.4,1995-05-31,55.7,15.3,,272.1,138.2,138.10000000000002,
PAYX,1994,1994-05-31,68.1,340.1,0.08,36.8,156,2.2,28.1,28.1,1994-05-31,39,10.9,,224.1,119.2,119.20000000000002,
PAYX,1993,1993-05-31,60.7,338.6,0.06,26.7,129.3,1.4,20,20,1993-05-31,28,8.1,,190,102.7,102.7,
PAYX,1992,1992-05-31,53.2,336.2,0.04,18.8,108,0.7,13.7,13.7,1992-05-31,19.5,5.8,,161.3,89.2,89.3,
PAYX,1991,1991-05-31,50,334.6,0.03,13.3,87.1,0.8,9.6,9.6,1991-05-31,14,4.4,,137.1,73.8,73.8,
PAYX,1990,1990-05-31,45,334.2,0.03,12.1,75.2,1.1,8.6,8.6,1990-05-31,13.2,4.6,,120.2,63,63.099999999999994,
PAYX,1989,1989-05-31,35.6,333.4,0.03,14.1,65.6,0.9,9.4,9.4,1989-05-31,15,5.5,,101.2,51.5,51.4,
PAYX,1988,1988-05-31,27.9,331.6,0.02,10.8,51.6,0.5,6.9,6.9,1988-05-31,11.2,4.3,,79.4,40.8,40.800000000000004,
PAYX,1987,1987-05-31,21.7,329.4,0.02,10.1,42.2,0.2,5.1,5.1,1987-05-31,10.2,5.1,,63.9,32.1,32.099999999999994,
PAYX,1986,1986-05-31,17.8,327.6,0.01,7.7,32.9,0.1,4.2,4.2,1986-05-31,7.8,3.6,,50.7,25.2,25.2,
PAYX,1985,1985-05-31,15.1,327.5,0.01,4.6,25.8,0.2,3,3,1985-05-31,4.8,1.8,,40.9,21.2,21.199999999999996,
PAYX,1984,1984-05-31,11.9,318.2,0.01,4,19.8,0.3,2,2.4,1984-05-31,4.4,2,,31.7,15.8,15.799999999999999,
PAYX,1983,1983-05-31,9.1,291,0,2.8,14.7,-0.2,1.3,1.3,1983-05-31,2.6,1.3,,23.8,11.9,12.000000000000002,
PAYC,2019,2019-12-31,109.747,58.395,3.09093,226.224,627.924,0.46,180.576,180.576,2019-12-31,226.087,45.511,73.08,737.671,306.82,401.7,-0.597
PAYC,2018,2018-12-31,90.763,58.58249,2.33703,173.715,475.573,0.034,137.065,137.065,2018-12-31,174.711,37.646,46.247,566.336,240.486,301.85799999999995,0.962
PAYC,2017,2017-12-31,72.028,58.79002,2.08838,129.71,361.019,-0.111,123.486,123.086,2017-12-31,127.732,4.646,30.43,433.047,191.074,231.30899999999997,-1.867
PAYC,2016,2016-12-31,54.066,58.9681,1.18515,101.74,275.075,-0.636,70.421,70.421,2016-12-31,101.012,30.591,20.966,329.141,144.535,173.335,-0.092
PAYC,2015,2015-12-31,35.473,57.9197,0.35706,34.435,189.18,-1.427,20.945,20.945,2015-12-31,33.525,12.58,8.627,224.653,140.38,154.745,0.517
PAYC,2014,2014-12-31,27.318,51.85731,0.15494,11.656,123.611,-4.056,5.663,5.663,2014-12-31,9.656,3.993,4.325,150.929,99.048,111.955,2.056
PAYC,2013,2013-12-31,20.9,48.1,0.01,9.5,86.7,-9.9,0.6,0.6,2013-12-31,1.4,0.8,2.1,107.6,71.4,77.19999999999999,1.9
PAYC,2012,2012-12-31,16.3,44.8,-0.01,6.1,60.5,-7,-0.4,-0.4,2012-12-31,-0.5,-0.1,1.6,76.8,48.6,54.400000000000006,0.4
PAYC,2011,2011-12-31,13.3,50.3,0.03,1.5,43.9,-0.1,1.4,1.4,2011-12-31,1.4,0,,57.2,38.2,42.5,0.1
PAYC,2010,2010-12-31,9.6,50.3,0,-0.2,31.7,0,0,0,2010-12-31,0,0,1,41.3,26.8,31.9,0.1
PAYC,2009,2009-12-31,6.3,50.3,-0.01,-0.7,23.5,0,-0.5,-0.5,2009-12-31,-0.5,0,0.7,29.9,19.5,24.3,0.3
PYPL,2019,2019-12-31,9785,1188,2.17274,2719,7987,314,2459,2459,2019-12-31,2998,539,2085,17772,3112,5268,-35
PYPL,2018,2018-12-31,8337,1203,2.01572,2194,7114,129,2057,2077,2018-12-31,2376,299,1071,15451,2764,4920,53
PYPL,2017,2017-12-31,6794,1221,1.73664,2127,6300,24,1795,1975,2017-12-31,2200,225,953,13094,2283,4173,49
PYPL,2016,2016-12-31,5701,1218,1.15025,1586,5141,132,1401,1401,2016-12-31,1631,230,834,10842,1997,3555,-87
PYPL,2015,2015-12-31,4529,1229,1.04821,1461,4719,17,1228,1228,2015-12-31,1488,260,792,9248,1810,3258,10
PYPL,2014,2014-12-31,3807,1220,0.34,1268,4218,-2,419,419,2014-12-31,1261,842,747,8025,1687,2950,-5
PYPL,2013,2013-12-31,3287,1220,0.78,1091,3440,3,955,955,2013-12-31,1084,129,727,6727,1169,2349,-10
PYPL,2012,2012-12-31,2697,1220,0.65,880,2965,2,778,778,2012-12-31,891,113,677,5662,1007,2085,9
PNR,2019,2019-12-31,1905.7,170.4,2.35601,434.7,1051.5,-30.1,355.7,361.7,2019-12-31,407.5,45.8,78.9,2957.2,526.1,616.8,2.9
PNR,2018,2018-12-31,1917.4,177.3,2.30067,412.3,1047.7,-32.6,347.4,348.3,2018-12-31,379.8,31.5,76.7,2965.1,493.7,635.4000000000001,0.1
PNR,2017,2017-12-31,1858.2,183.7,1.43696,272.7,987.5,-87.3,666.5,177,2017-12-31,172.8,-4.2,73.2,2845.7,507.8,714.8,-12.6
PNR,2016,2016-12-31,1821.5,183.1,1.04417,350.5,959.1,-140.1,522.2,178.2,2016-12-31,220.9,42.7,73.3,2780.6,519.2,608.5999999999999,10.5
PNR,2015,2015-12-31,3017.6,180.3,2.39368,612.9,1598.8,-100.4,-76.4,397.1,2015-12-31,512.5,115.4,98.7,4616.4,842.7,985.9000000000001,
PNR,2014,2014-12-31,4576,193.7,3.49,851.9,2463,-67.4,214.9,607,2014-12-31,784.3,177.3,117.3,7039,1405.5,1611.1000000000004,
PNR,2013,2013-12-31,5006.8,204.6,2.69,793.7,2472.9,-67.3,536.8,542.6,2013-12-31,726.4,183.8,125.8,7479.7,1448.6,1679.1999999999998,
PNR,2012,2012-12-31,3146.6,127.4,1.2,-118.5,1269.6,-65.5,-107.2,-104.6,2012-12-31,-184,-79.4,93.6,4416.1,893.9,1388.0000000000005,
PNR,2011,2011-12-31,2383,99.8,1.73,168.5,1073.7,-56.9,34.2,38.5,2011-12-31,111.6,73.1,78.2,3456.7,613.5,905.1999999999998,
PNR,2010,2010-12-31,2100.1,99.3,2,334.2,930.6,-34,197.8,202.9,2010-12-31,300.1,97.2,67.2,3030.8,529.3,596.5,0
PNR,2009,2009-12-31,1907.3,98.5,1.4,215.1,785.1,-42.5,115.5,116.2,2009-12-31,172.6,56.4,57.9,2692.5,490.1,570.0000000000002,0
PNR,2008,2008-12-31,2337.4,99.1,2.31,320.1,1014.6,-62.5,228.7,258.8,2008-12-31,367.1,108.3,62.5,3352,560.8,694.5,-0.1
PNR,2007,2007-12-31,2374,100.2,2.11,378,1024.7,-73.1,210.9,210.5,2007-12-31,303.6,93.2,58.8,3398.7,587.9,646.6999999999998,
PNR,2006,2006-12-31,2248.2,101.4,1.81,307,906.3,-51.9,183.7,183.8,2006-12-31,255.5,71.7,58.1,3154.5,541.2,599.3000000000002,
PNR,2005,2005-12-31,2098.6,102.6,1.77,323.1,848,-45,185,185,2005-12-31,283.5,98.5,46,2946.6,478.9,524.9000000000001,
PNR,2004,2004-12-31,1623.4,101.7,1.35,247.2,654.7,-37.2,171.2,137,2004-12-31,210,73,31.5,2278.1,376,407.5,
PNR,2003,2003-12-31,2045.3,99.6,1.45,259.6,679,-40.9,141.4,144.3,2003-12-31,218.6,74.3,43.9,2724.4,375.6,419.5000000000002,
PNR,2002,2002-12-31,1965.1,99.5,1.31,236,615.7,-43.5,129.9,129.9,2002-12-31,192.4,62.5,36.9,2580.8,342.8,379.7000000000003,0
PNR,2001,2001-12-31,1967.9,98.6,1.2,157.8,648,-61.5,32.9,57.5,2001-12-31,93.3,35.8,31.2,2615.9,419,490.2999999999997,-3
PNR,2000,2000-12-31,2051.5,97.3,1.38,202,696.5,-74.9,55.9,81.9,2000-12-31,127.1,45.3,31.2,2748,438.5,494.5,
PNR,1999,1999-12-31,1632.7,88.6,1.73,214.3,735,-47.8,103.3,103.3,1999-12-31,166.5,63.2,27.1,2367.8,455.6,520.7,
PNR,1998,1998-12-31,1330.3,86.3,1.41,193.2,607.3,-22.2,106.8,106.8,1998-12-31,170.9,64.1,23,1937.6,391.1,414.10000000000014,
PNR,1997,1997-12-31,1290.8,86.1,1.14,169.8,548.3,-21.7,91.6,91.6,1997-12-31,158.4,66.8,21.3,1839.1,357.1,378.5,
PNR,1996,1996-12-31,1098.1,85.5,1,142.9,469,-18.3,74.5,74.5,1996-12-31,124.6,50.1,15.5,1567.1,310.6,326,
PNR,1995,1995-12-31,996.6,84.8,0.79,116.2,406.3,-14.6,77.2,60.5,1995-12-31,101.7,41.2,13.4,1402.9,276.7,289.9999999999999,
PNR,1994,1994-12-31,1240.3,84.2,0.63,117.5,408.9,-33.4,53.6,53.6,1994-12-31,89.1,35.5,12.1,1649.2,279.3,291.4000000000001,5
PNR,1993,1993-12-31,1004.5,83.8,0.55,100.1,323.7,-22.6,46.6,46.6,1993-12-31,77.4,30.8,,1328.2,223.6,223.5999999999999,-0.1
PNR,1992,1992-12-31,937.2,63.7,0.54,92.4,301.5,-22.8,1.2,42.8,1992-12-31,72.7,29.9,0,1238.7,209.1,209.20000000000005,3.1
PNR,1991,1991-12-31,886.7,63.1,0.55,87.6,282.4,-22,41.1,41.1,1991-12-31,74.1,33,0,1169.1,194.8,194.79999999999995,8.6
PNR,1990,1990-12-31,909.1,64.3,1.19,75.9,266.9,24.7,82.4,82.4,1990-12-31,106.8,24.4,0,1175.9,191,190.89999999999998,6.2
PNR,1989,1989-12-31,906.4,64.8,1.29,78.2,257.2,25.7,87.8,87.8,1989-12-31,113.8,26,0,1163.6,179,179.0000000000001,9.9
PNR,1988,1988-12-31,621.6,59.8,0.99,75.7,201.7,11.3,62.3,62.3,1988-12-31,90.8,28.5,0,823.3,126,126,3.9
PNR,1987,1987-12-31,638.7,57.4,0.68,38.5,150.6,9.8,41.4,41.4,1987-12-31,53.5,12.1,0,789.2,112.1,112.09999999999991,5.3
PNR,1986,1986-12-31,509.7,63.7,0.24,31.5,114.2,-9.9,15.2,15.2,1986-12-31,24.6,9.4,0,623.9,82.7,82.69999999999999,3
PNR,1985,1985-12-31,439,61.7,0.33,31,95.2,-6,20.1,20.1,1985-12-31,28.7,8.6,0,534.2,64.2,64.19999999999999,3.7
PNR,1984,1984-12-31,449.2,56.8,0.37,40.9,96.2,-6.3,21.2,21.2,1984-12-31,37.2,16,0,545.4,55.4,55.400000000000034,2.6
PNR,1983,1983-12-31,268.4,41.9,0.26,20.8,50.9,-2.5,11.9,11.9,1983-12-31,20.2,8.3,0,319.3,30.1,30.100000000000023,1.9
PBCT,2019,2019-12-31,,397.2,1.37277,,,,520.4,520.4,2019-12-31,652.4,132,,,,,
PBCT,2018,2018-12-31,,351.7,1.28996,,,,468.1,458.9,2018-12-31,576.3,117.4,,,,,
PBCT,2017,2017-12-31,,332.9,1.01461,,,,337.2,330.7,2017-12-31,467.1,136.4,,,,,
PBCT,2016,2016-12-31,,304,0.91842,,,,281,281,2016-12-31,409.5,128.5,,,,,
PBCT,2015,2015-12-31,,300.4,0.89079,,,,260.1,260.1,2015-12-31,390.5,130.4,,,,,
PBCT,2014,2014-12-31,,298.3,0.86,,,,251.7,251.7,2014-12-31,380.6,128.9,,,,,
PBCT,2013,2013-12-31,,312,0.77,,,,232.4,232.4,2013-12-31,347.6,115.2,,,,,
PBCT,2012,2012-12-31,,338.4,0.75,,,,245.3,245.3,2012-12-31,369.3,124,,,,,
PBCT,2011,2011-12-31,,348.7,0.66,,,,192.4,192.4,2011-12-31,285.4,93,,,,,
PBCT,2010,2010-12-31,,352.6,0.3,,,,82.5,82.5,2010-12-31,122,39.5,,,,,
PBCT,2009,2009-12-31,,332.3,0.3,,,,101.2,101.2,2009-12-31,144.3,43.1,,,,,
PBCT,2008,2008-12-31,,330.1,0.49,,,,137.8,137.8,2008-12-31,204.8,67,,,,,
PBCT,2007,2007-12-31,,292.1,0.51,,,,150.7,149.2,2007-12-31,224.7,75.5,,,,,
PBCT,2006,2006-12-31,,298.9,0.41,,,,124,121.7,2006-12-31,179.5,57.8,,,,,
PBCT,2005,2005-12-31,,297.7,0.43,,,,137.1,125.9,2005-12-31,190,64.1,,,,,
PBCT,2004,2004-12-31,,295.8,0.27,,,,199.7,-5.6,2004-12-31,-14.2,-8.6,,,,,
PBCT,2003,2003-12-31,,292.5,0.22,,,,63.8,62.7,2003-12-31,85.2,22.5,,,,,
PBCT,2002,2002-12-31,,291.7,0.23,,,,55.4,67.7,2002-12-31,99.3,31.6,,,,,
PBCT,2001,2001-12-31,,291.1,0.29,,,,75.8,75.8,2001-12-31,116.3,40.5,,,,,
PBCT,2000,2000-12-31,,290.1,0.41,,,,108.4,108.4,2000-12-31,165.5,57.1,,,,,
PBCT,1999,1999-12-31,,293,0.41,,,,112,112,1999-12-31,170.4,58.4,,,,,
PBCT,1998,1998-12-31,,301.8,0.33,,,,91.7,91.7,1998-12-31,173.4,81.7,,,,,
PBCT,1997,1997-12-31,,290.1,0.32,,,,92.4,92.4,1997-12-31,144.1,51.7,,,,,
PBCT,1996,1996-12-31,,288.8,0.28,,,,80.1,80.1,1996-12-31,101.1,21,,,,,
PBCT,1995,1995-12-31,,287.6,0.25,,,,71,71,1995-12-31,114,43,,,,,
PBCT,1994,1994-12-31,,287.5,0.24,,,,70.1,69.8,1994-12-31,64.9,-4.9,,,,,
PBCT,1993,1993-12-31,,261.3,0.16,,,,56.3,41.3,1993-12-31,41.6,0.4,,,,,
PBCT,1992,1992-12-31,,231.2,0.02,,,,7,4.4,1992-12-31,7.6,3.3,,,,,
PBCT,1991,1991-12-31,,231.1,-0.39,,,,-90.9,-90.9,1991-12-31,-89.8,1.1,,,,,
PBCT,1990,1990-12-31,,231,-0.37,,,,-84.7,-84.7,1990-12-31,-114.2,-29.4,,,,,
PBCT,1989,1989-12-31,,230.9,0.14,,,,32.5,32.5,1989-12-31,40.8,8.3,,,,,
PBCT,1988,1988-12-31,,230.9,0.16,,,,36.6,36.6,1988-12-31,50.7,14.1,,,,,
PBCT,1987,1987-12-31,,230.9,0.21,,,,49.6,49.6,1987-12-31,71,21.4,,,,,
PEP,2019,2019-12-28,29983,1407,5.40938,10289,37178,-935,7314,7345,2019-12-28,9312,1967,711,67161,25809,26889,-42
PEP,2018,2018-12-29,29378,1425,8.92109,10110,35283,-1219,12515,12531,2018-12-29,9189,-3342,680,64661,24137,25173,298
PEP,2017,2017-12-30,28796,1438,5.239,10276,34729,-907,4857,7408,2017-12-30,9602,2194,737,63525,23502,24453,233
PEP,2016,2016-12-31,28222,1452,4.43843,9804,34577,-1232,6329,6379,2016-12-31,8553,2174,760,62799,23769,24773,-19
PEP,2015,2015-12-26,28731,1485,4.46233,8353,34325,-911,5452,5501,2015-12-26,7442,1941,754,63056,23568,25972,
PEP,2014,2014-12-27,31238,1527,4.47023,9581,35445,-824,6513,6558,2014-12-27,8757,2199,718,66683,24636,25864,0
PEP,2013,2013-12-28,31075,1560,4.57,9705,35340,-814,6740,6787,2013-12-28,8891,2104,665,66415,24417,25635,
PEP,2012,2012-12-29,31291,1575,4.06,9112,34201,-808,6178,6214,2012-12-29,8304,2090,,65492,24675,25089,
PEP,2011,2011-12-31,31593,1597,4.4,9633,34911,-799,6443,6462,2011-12-31,8834,2372,,66504,24433,25278,
PEP,2010,2010-12-25,26575,1614,4.71,8332,31263,-100,6320,6338,2010-12-25,8232,1894,488,57838,22326,22931,
PEP,2009,2009-12-26,20099,1577,3.85,8044,23133,35,5946,5979,2009-12-26,8079,2100,414,43232,14612,15089,
PEP,2008,2008-12-27,20351,1602,3.46,6935,22900,86,5142,5142,2008-12-27,7021,1879,364,43251,15537,15965,
PEP,2007,2007-12-29,18038,1658,3.41,7170,21436,461,5658,5658,2007-12-29,7631,1973,,39474,14208,14266,
PEP,2006,2006-12-30,15762,1687,3.34,6439,19375,550,5642,5642,2006-12-30,6989,1347,,35137,12774,12936,
PEP,2005,2005-12-31,14176,1706,2.39,5922,18386,460,4078,4078,2005-12-31,6382,2304,,32562,12314,12464,
PEP,2004,2004-12-25,13406,1729,2.48,5259,15855,287,4212,4174,2004-12-25,5546,1372,,29261,10299,10596,
PEP,2003,2003-12-27,12379,1739,2.13,4781,14592,211,3568,3568,2003-12-27,4992,1424,,26971,9460,9811,
PEP,2002,2002-12-28,11497,1789,1.94,4730,13615,138,3313,3313,2002-12-28,4868,1555,,25112,8523,8885,
PEP,2001,2001-12-29,10754,1807,1.61,4021,16181,8,2662,2662,2001-12-29,4029,1367,,26935,11608,12160,
PEP,2000,2000-12-30,7943,1475,1.48,3225,12495,-15,2183,2183,2000-12-30,3210,1027,,20438,9132,9270,
PEP,1999,1999-12-25,8198,1496,0.73,2818,12169,-162,2050,2050,1999-12-25,3656,1606,,20367,9103,9351,
PEP,1998,1998-12-26,9330,1519,1.48,2584,13018,-321,1993,1993,1998-12-26,2263,270,,22348,9924,10434,
PEP,1997,1997-12-27,8525,1570,1.07,2662,12392,-353,2142,1491,1997-12-27,2309,818,,20917,9241,9730,
PEP,1996,1996-12-28,15383,1606,1,2546,16262,-499,1149,1149,1996-12-28,2047,898,,31645,12593,13716,
PEP,1995,1995-12-30,14886,1608,1.21,2987,15535,-555,1606,1606,1995-12-30,2432,826,,30421,11712,12548,
PEP,1994,1994-12-31,13715,1612,1.11,3201,14636,-537,1752,1784,1994-12-31,2664,880,,28351,11123,11435,
PEP,1993,1993-12-25,11946,1635,0.97,2907,13075,-484,1588,1588,1993-12-25,2423,835,,25021,9864,10168,
PEP,1992,1992-12-26,10612,1626,0.8,2371,11358,-472,374,1302,1992-12-26,1899,597,,21970,8721,8987,
PEP,1991,1991-12-28,9366,1611,0.67,2112,9926,-452,1080,1080,1991-12-28,1660,580,,19292,7606,7814,
PEP,1990,1990-12-29,8443,1597,0.68,2042,9073,-388,1077,1091,1990-12-29,1654,563,,17516,6842,7030,
PEP,1989,1989-12-30,7422,1598,0.56,1783,7821,-432,901,901,1989-12-30,1351,449,,15242,5887,6038,
PEP,1988,1988-12-31,5957,1583,0.48,1349,6576,-222,762,762,1988-12-31,1127,365,,12533,5227,5227,
PEP,1987,1987-12-26,5157,1580,0.38,1128,5861,-182,595,605,1987-12-26,946,341,,11018,4734,4734,
PEP,1986,1986-12-27,3732,2,291,821,5559,-140,458,458,1986-12-27,680,223,,9291,4738,4738,
PEP,1985,1985-12-28,3138,1684,0.25,784,4484,-99,544,427,1985-12-28,685,258,,7622,3700,3700,
PEP,1984,1984-12-29,3150,2,195.3,475,4549,-121,201,207,1984-12-29,354,148,,7699,3854,4073,
PEP,1983,1983-12-31,3615,2,165.31,549,4281,-123,284,284,1983-12-31,425,141,,7896,3732,3732,
PKI,2019,2019-12-29,1487.618,110.827,2.67063,326.963,1396.055,-59.132,227.558,227.753,2019-12-29,237.142,9.389,189.336,2883.673,808.718,1069.092,-30.689
PKI,2018,2018-12-30,1437.057,111.534,2.09709,336.728,1340.939,-65.835,237.927,235.45,2018-12-30,257.683,22.233,193.998,2777.996,811.913,1004.211,-13.21
PKI,2017,2017-12-31,1183.228,110.859,2.48008,295.306,1073.754,-41.369,292.633,263.428,2017-12-31,296.718,33.29,139.464,2256.982,626.018,778.4479999999999,42.781
PKI,2016,2017-01-01,1101.156,110.313,1.95189,300.144,1014.361,-40.826,234.299,215.706,2017-01-01,244.068,28.362,124.184,2115.517,590.471,714.2170000000001,-15.25
PKI,2015,2016-01-03,1140.592,113.315,1.77411,250.926,964.231,-37.324,212.425,188.785,2016-01-03,208.807,20.022,112.539,2104.823,587.219,713.3049999999998,-4.795
PKI,2014,2014-12-28,1232.6,113.7,1.53,210.7,1004.6,-35.6,157.8,161.2,2014-12-28,169.6,8.4,121.1,2237.2,659.3,793.9000000000001,-5.5
PKI,2013,2013-12-29,1189.3,113.5,1.68,217.4,977,-49.3,167.2,167.9,2013-12-29,153.3,-14.6,133,2166.2,585.9,759.5,-14.8
PKI,2012,2012-12-30,1152,114.9,1.61,98.5,963.2,-45,69.9,68.4,2012-12-30,50.6,-17.9,132.1,2115.2,593.5,864.7,-2.9
PKI,2011,2012-01-01,1070.7,113.9,0.17,91.1,850.6,-22.9,7.7,1.2,2012-01-01,64.4,63.2,115.8,1921.3,627.2,759.5,-3.9
PKI,2010,2011-01-02,945.7,118,0.41,179.2,758.6,-15.1,383.9,135.9,2011-01-02,162,26.1,95.4,1704.3,474.1,579.5,-2.1
PKI,2009,2010-01-03,1032.4,116.6,1.01,147.6,779.8,-16.1,85.6,92.7,2010-01-03,130.7,37.9,107.3,1812.2,486.7,632.1999999999998,-0.8
PKI,2008,2008-12-28,1107.4,118.7,1.23,175.5,830.1,-20,126.4,126.1,2008-12-28,147.4,21.2,108.1,1937.5,522.9,654.5999999999999,-8.1
PKI,2007,2007-12-30,1062.6,120.6,1.12,168.2,724.7,-9.9,131.7,133.8,2007-12-30,151.3,17.5,111.6,1787.3,444.4,556.6000000000001,-6.9
PKI,2006,2006-12-31,918.3,126.5,0.92,153.4,628.1,2.5,119.6,118.3,2006-12-31,150.7,32.4,99.7,1546.4,376.8,474.70000000000005,-5.2
PKI,2005,2006-01-01,859.3,131.1,1.08,86.1,614.5,-18.1,268.1,66.5,2006-01-01,66.7,0.1,87.4,1473.8,365.5,528.5,-1.3
PKI,2004,2005-01-02,1006.7,129.4,0.78,172.9,680.6,-35.9,96,98.3,2005-01-02,136.7,38.5,87.1,1687.2,387.5,507.5999999999999,-0.3
PKI,2003,2003-12-28,906.3,127.7,0.41,135.3,629,-52.5,53,55,2003-12-28,80.9,25.9,83.1,1535.2,386.4,493.60000000000014,-1.9
PKI,2002,2002-12-29,904.1,125.4,0.12,24.3,600.9,-30.9,-151.9,-4.1,2002-12-29,-8.6,-4.4,86.5,1505,431.3,576.6,-1.9
PKI,2001,2001-12-31,720.2,103.7,0.55,63.9,609.8,-31.1,34.5,-0.6,2001-12-31,34.2,34.8,81.3,1330.1,411.1,545.8999999999999,1.3
PKI,2000,2000-12-31,1003.2,102.3,0.95,186.6,692.1,-35.6,90.5,86.1,2000-12-31,144.5,58.4,86.1,1695.3,419,505.5,-6.5
PKI,1999,2000-01-02,853.5,93.1,0.63,66.7,509.7,-23,154.3,28.4,2000-01-02,44.9,16.5,71.2,1363.1,327.1,443,1.2
PKI,1998,1999-01-03,1041.7,91.8,0.68,155.5,366.2,-0.1,102,102,1999-01-03,156,54,46,1407.9,226.3,210.70000000000005,0.6
PKI,1997,1997-12-28,1084.7,91.8,0.51,59.6,376.1,-9.8,33.7,30.6,1997-12-28,54,23.4,44.9,1460.8,243.4,316.5,4.2
PKI,1996,1996-12-31,1048.7,94.9,0.57,87.6,378.5,-7.8,60.2,54.5,1996-12-31,80.4,25.9,42.8,1427.3,248,290.89999999999986,0.6
PKI,1995,1995-12-31,1052,103.1,0.53,82.7,367.5,,68,54.3,1995-12-31,86.1,31.8,42.4,1419.6,242.5,284.9000000000001,3.4
PKI,1994,1995-01-01,994.6,110.5,0.13,-10.9,337.9,,-5.7,-32.1,1995-01-01,-17.1,15,38.6,1332.6,239.6,348.9,-6.2
PKI,1993,1994-01-02,2342.5,113,0.7,120.8,355.4,,59.1,79.6,1994-01-02,121.9,42.3,,2697.9,234.6,234.5999999999999,1
PKI,1992,1993-01-03,2423.6,112.8,0.78,123.2,365.2,,87.8,87.8,1993-01-03,121.1,33.3,,2788.8,242,242.0999999999999,-2.1
PKI,1991,1991-12-29,2340.2,111.8,0.73,125.2,348.3,,81.2,81.2,1991-12-29,120.4,39.1,0,2688.5,223.1,223.10000000000036,-4.8
PKI,1990,1990-12-30,2170.7,114,0.65,107.7,303.6,,74,74,1990-12-30,107.2,33.2,0,2474.3,195.9,195.9000000000001,-0.5
PKI,1989,1989-12-31,1371.9,116.5,0.6,98.4,278.2,,69.9,69.9,1989-12-31,99.8,29.9,0,1650.2,179.9,179.89999999999986,1.4
PKI,1988,1988-12-31,1138.9,119.6,0.57,98,267.3,,68.7,68.7,1988-12-31,97.4,28.7,0,1406.3,169.3,169.39999999999986,-0.6
PKI,1987,1988-01-03,1005.2,119.9,0.46,90.9,242.3,,55.5,55.5,1988-01-03,81,25.5,,1247.5,151.4,151.39999999999986,-10
PKI,1986,1986-12-28,951.7,109.1,0.41,82.2,215.5,,44.9,44.9,1986-12-28,72.3,27.4,,1167.1,133.2,133.20000000000005,-10
PKI,1985,1985-12-29,943,109.2,0.51,104,234.1,,55.7,55.7,1985-12-29,88.6,32.9,,1177.1,130.1,130.20000000000005,-15.4
PKI,1984,1984-12-30,878.3,114.2,0.47,100.4,221.2,,53.5,53.5,1984-12-30,85,31.4,0,1099.5,120.8,120.80000000000007,-15.4
PKI,1983,1984-01-01,739.8,119.8,0.39,82.8,188.5,,46.6,46.6,1984-01-01,77.7,31.1,0,928.3,105.8,105.80000000000007,-5.1
PRGO,2019,2019-12-31,3064.1,136.5,2.48867,204.6,1773.3,-96.3,146.1,146.1,2019-12-31,171,24.9,187.4,4837.4,1150.5,1568.7000000000003,62.7
PRGO,2018,2018-12-31,2900.2,138.3,1.74873,236,1831.5,-120.4,131,131,2018-12-31,290.6,159.6,218.6,4731.7,1125.8,1595.5,175
PRGO,2017,2017-12-31,2966.7,142.6,1.76645,463,1979.5,-154.5,119.6,134.7,2017-12-31,280.1,145.4,167.7,4946.2,1146.5,1516.5,-28.4
PRGO,2016,2016-12-31,3228.8,143.3,-15.92313,-2000.8,2051.8,-218.5,-4012.8,-4012.8,2016-12-31,-4848.3,-835.5,184,5280.6,1205.5,4052.5999999999995,-2629
PRGO,2015,2015-12-31,1553.3,146.1,1.37379,66.7,1078.9,-97.9,42.5,42.5,2015-12-31,8.9,-33.6,88.2,2632.2,680.6,1012.2,40.1
PRGO,2014,2015-06-27,2891.4,139.8,0.97319,737.2,1712.5,-137.2,128,128,2015-06-27,248,120,187.8,4603.9,771.9,975.2999999999997,-352
PRGO,2013,2014-06-28,2613.1,115.6,3.21,401.2,1447.7,-116.2,205.3,205.3,2014-06-28,272.6,67.3,152.5,4060.8,675.2,1046.5,-12.4
PRGO,2012,2013-06-29,2259.8,94.5,4.79,679.1,1280,-70.5,441.9,441.9,2013-06-29,607.7,165.8,115.2,3539.8,473.8,600.8999999999996,-0.9
PRGO,2011,2012-06-30,2077.7,94.1,4.25,569.2,1095.6,-60.7,401.6,393,2012-06-30,512,119,105.8,3173.2,411.8,526.3000000000002,3.5
PRGO,2010,2011-06-25,1810.2,93.5,3.65,490.2,944.9,-42.3,339.2,340.6,2011-06-25,450.6,110,89.3,2755,364.4,454.60000000000014,2.7
PRGO,2009,2010-06-26,1521.9,92.8,2.7,335.9,746.2,-28.4,223.8,224.4,2010-06-26,308.6,84.2,83.5,2268.2,298.3,410.39999999999986,1.2
PRGO,2008,2009-06-27,1408.5,93.6,1.75,234.4,597.1,-27,145.5,142.8,2009-06-27,206.3,63.5,76.8,2005.6,255.9,362.70000000000005,-1.1
PRGO,2007,2008-06-28,1212,95.2,1.51,192.8,515.5,-18.1,134.3,138.8,2008-06-28,176.2,37.4,72.8,1727.5,244.9,322.70000000000005,1.6
PRGO,2006,2007-06-30,1003.5,93.8,0.83,93.9,364.3,-15.4,70.3,69.1,2007-06-30,82.6,13.6,66.2,1367.7,195.1,270.4000000000001,4.1
PRGO,2005,2006-07-01,924.8,94.1,0.79,111.7,369.4,-15.4,71.4,68.5,2006-07-01,102.6,34.2,52.3,1294.2,196.6,257.70000000000005,6.3
PRGO,2004,2005-06-25,763.7,77.3,0.49,-330.5,260.4,-2,-353,-353,2005-06-25,-330.7,22.3,38.4,1024.1,159.3,590.8999999999999,1.8
PRGO,2003,2004-06-26,630.2,72.3,1.11,102.9,268,1,80.6,80.6,2004-06-26,106,25.4,27.7,898.2,137.3,165.0999999999999,2.1
PRGO,2002,2003-06-28,596.1,71.2,0.73,85.2,238,1.1,54,54,2003-06-28,86.3,32.2,23.3,834.1,132.7,152.79999999999995,
PRGO,2001,2002-06-29,608.6,74.6,0.53,80.9,226.4,1.4,44.8,44.8,2002-06-29,82.3,37.5,25.7,835.1,129.1,145.5,
PRGO,2000,2001-06-30,580.8,74.1,0.35,36.5,172.7,3.7,24.4,24.4,2001-06-30,40.2,15.8,23.4,753.5,111.6,136.20000000000005,
PRGO,1999,2000-07-01,597.6,73.6,0.25,35.9,146.6,-5,19.3,19.3,2000-07-01,30.9,11.6,16.3,744.3,97.5,110.79999999999995,
PRGO,1998,1999-07-03,724.9,74,0.05,17.9,172.6,-14,1.5,1.5,1999-07-03,3.9,2.4,14.9,897.5,137.6,154.70000000000005,
PRGO,1997,1998-06-30,670.8,75.3,0.49,-61.8,231.9,-4.2,-51.6,-51.6,1998-06-30,-66,-14.4,15.9,902.6,145.6,293.6,
PRGO,1996,1997-06-30,615.7,77.3,0.71,72.2,228.9,-1.3,45,45,1997-06-30,70.9,25.9,13.7,844.6,131.2,156.69999999999993,
PRGO,1995,1996-06-30,574.8,77.2,0.64,68.2,203.3,-5.7,39.8,39.8,1996-06-30,62.5,22.7,10.4,778.1,113.6,135.10000000000002,
PRGO,1994,1995-06-30,520.3,77.2,0.65,75.5,196.8,-5.4,44.4,44.4,1995-06-30,70.1,25.7,8.7,717.1,106.6,121.20000000000005,
PRGO,1993,1994-06-30,475,77.6,0.71,90.2,194.4,-3.4,54.8,54.8,1994-06-30,86.9,32.1,6.2,669.3,97.9,104.10000000000002,
PRGO,1992,1993-06-30,405.5,77.4,0.58,73.5,165.3,-3.3,44.6,44.6,1993-06-30,70.1,25.5,5,570.8,86.8,91.80000000000001,
PRGO,1991,1992-06-30,290.6,69.5,0.41,53.8,119.2,-8.8,28.6,28.6,1992-06-30,45.1,16.5,3.4,409.8,62,65.39999999999998,
PRGO,1990,1991-06-30,204.6,60.5,0.2,31.7,76.7,-12.4,12.2,12.2,1991-06-30,19.3,7.1,1.6,281.3,43.4,44.900000000000006,
PRGO,1989,1990-06-30,181.7,60.3,0.13,27.8,65.3,-15.4,7.6,7.6,1990-06-30,12.4,4.8,1.5,247,36,37.5,
PFE,2019,2019-12-31,10011,5675,2.39242,18700,41739,-1049,16273,15976,2019-12-31,17682,1706,7984,51750,14039,23039,
PFE,2018,2018-12-31,11128,5977,2.45357,12215,42519,-402,11153,10383,2018-12-31,11885,1502,8006,53647,14453,30304,
PFE,2017,2017-12-31,10838,6058,2.31727,12989,41708,-972,21309,11954,2017-12-31,12305,351,7657,52546,14784,28719,
PFE,2016,2016-12-31,11925,6159,2.10748,9004,40899,-824,7214,7228,2016-12-31,8351,1123,7872,52824,14837,31895,
PFE,2015,2015-12-31,9573,6257,1.55282,10329,39278,-1597,6960,6974,2015-12-31,8964,1990,7690,48851,14809,28949,
PFE,2014,2014-12-31,9524,6424,1.66,12726,40081,-776,9135,9119,2014-12-31,12238,3119,8393,49605,14097,27355,-1106
PFE,2013,2013-12-31,9470,6895,1.7,15917,42114,-980,22003,11410,2013-12-31,15716,4306,6678,51584,14347,26197,-527
PFE,2012,2012-12-31,11036,7508,1.86,13169,47950,-1141,14570,9518,2012-12-31,12080,2562,7342,58986,16467,34781,-205
PFE,2011,2011-12-31,14278,7870,1.75,14493,53147,-1731,10009,8739,2011-12-31,12762,4023,8433,67425,19368,38654,-396
PFE,2010,2010-12-31,15753,8074,2.35,11257,52056,-1835,8257,8298,2010-12-31,9422,1124,9379,67809,19387,40799,-709
PFE,2009,2009-12-31,8744,7045,2.09,12094,41265,-1267,8635,8630,2009-12-31,10827,2197,7767,50009,14693,29171,-182
PFE,2008,2008-12-31,7367,6750,2.51,10256,40929,-562,8104,8049,2008-12-31,9694,1645,7512,48296,14124,30673,-639
PFE,2007,2007-12-31,11239,6939,1.53,9718,37179,-440,8144,8255,2007-12-31,9278,1023,7673,48418,15626,27461,-110
PFE,2006,2006-12-31,7640,7274,1.81,13545,40731,-517,19337,11036,2006-12-31,13028,1992,7423,48371,15589,27186,-554
PFE,2005,2005-12-31,8525,7411,1.5,12022,42773,-488,8085,8110,2005-12-31,11534,3424,7442,51298,16997,30751,23
PFE,2004,2004-12-31,7541,7614,1.86,14366,44975,-359,11361,11342,2004-12-31,14007,2665,7684,52516,16903,30609,-290
PFE,2003,2003-12-31,9832,7286,1.09,3553,35356,-290,3910,1642,2003-12-31,3263,1621,7131,45188,15622,31803,-242
PFE,2002,2002-12-31,4045,6241,1.58,12075,28328,-279,9126,9187,2002-12-31,11796,2609,5176,32373,10846,16253,-61
PFE,2001,2001-12-31,5034,6361,1.32,10651,27225,-322,7788,7768,2001-12-31,10329,2561,4847,32259,11299,16574,184
PFE,2000,2000-12-31,4907,6368,0.91,6213,24667,-432,3726,3732,2000-12-31,5781,2049,4435,29574,11442,18454,-76
PFE,1999,1999-12-31,5464,6317,0.79,7346,21912,-401,4952,4977,1999-12-31,6945,1968,4036,27376,10810,14566,152
PFE,1998,1998-12-31,2094,6362,0.31,2737,11450,-143,3351,1952,1998-12-31,2594,642,2279,13544,5808,8713,732
PFE,1997,1997-12-31,2274,6297,0.35,3237,10230,-149,2213,2223,1997-12-31,3088,865,1928,12504,4956,6993,171
PFE,1996,1996-12-31,2176,6107,0.32,2974,9130,-170,1929,1935,1996-12-31,2804,869,1684,11306,4366,6156,
PFE,1995,1995-12-31,2164,6014,0.26,2504,7857,-205,1573,1561,1995-12-31,2299,738,1442,10021,3855,5353,
PFE,1994,1994-12-31,1919,5948,0.22,1862,6363,,1298,1303,1994-12-31,1862,559,1139,8281,3251,4501,111
PFE,1993,1993-12-31,1772,6073,0.2,958,5706,-107,658,660,1993-12-31,851,191,974,7478,3066,4748,119
PFE,1992,1992-12-31,2024,6289,0.16,1454,5206,81,811,1096,1992-12-31,1535,439,863,7230,2899,3753,100
PFE,1991,1991-12-31,2201,6289,0.15,880,4749,64,722,725,1991-12-31,944,218,757,6950,2739,3869,74
PFE,1990,1990-12-31,2259,4051,0.2,1236,4147,-133,801,805,1990-12-31,1103,298,640,6406,2453,2911,12
PFE,1989,1989-12-31,2062,4078,0.17,1043,3609,-126,681,685,1989-12-31,917,231,531,5672,2110,2567,131
PFE,1988,1988-12-31,2020,4070,0.2,1186,3365,-83,791,794,1988-12-31,1104,309,473,5385,1881,2179,8
PFE,1987,1987-12-31,1897,4099,0.17,1074,3023,-63,690,694,1987-12-31,1011,317,401,4920,1681,1949,-10
PFE,1986,1986-12-31,1720,4109,0.16,1020,2756,-56,660,664,1986-12-31,965,301,336,4476,1460,1736,37
PFE,1985,1985-12-31,1546,4104,0.14,960,2479,-78,580,585,1985-12-31,881,296,287,4025,1312,1519,24
PFE,1984,1984-12-31,1524,4015,0.13,901,2331,-94,508,514,1984-12-31,807,293,252,3855,1245,1430,28
PFE,1983,1983-12-31,1543,3989,0.11,796,2207,-95,447,453,1983-12-31,700,248,227,3750,1222,1411,41
PM,2019,2019-12-31,10513,1556,5.02854,10531,19292,-570,7185,7579,2019-12-31,9872,2293,,29805,7840,8761,-89
PM,2018,2018-12-31,10758,1555,5.09711,11377,18867,-665,7911,8257,2018-12-31,10671,2414,,29625,7408,7490,-41
PM,2017,2017-12-31,10432,1553,4.90728,11581,18316,-914,6035,7882,2017-12-31,10589,2707,,28748,6647,6735,-78
PM,2016,2016-12-31,9391,1551,4.47969,10903,17294,-891,6967,7156,2016-12-31,9924,2768,,26685,6317,6391,-88
PM,2015,2015-12-31,9365,1549,4.45319,10623,17429,-1008,6873,6927,2015-12-31,9615,2688,,26794,6656,6806,
PM,2014,2014-12-31,10436,1566,5.01,11702,19331,-1052,7493,7553,2014-12-31,10650,3097,,29767,7001,7629,
PM,2013,2013-12-31,10410,1622,5.39,13515,20807,-973,8576,8872,2013-12-31,12542,3670,,31217,6889,7292,
PM,2012,2012-12-31,10373,1692,5.21,13846,21004,-859,8800,9154,2012-12-31,12987,3833,,31377,6978,7158,
PM,2011,2011-12-31,10678,1762,4.95,13332,20419,-800,8591,8879,2011-12-31,12532,3653,,31097,6880,7087,
PM,2010,2010-12-31,9713,1842,3.94,11200,17495,-876,7259,7498,2010-12-31,10324,2826,,27208,6160,6295,
PM,2009,2009-12-31,9022,1950,3.2,10040,16013,-797,6342,6552,2009-12-31,9243,2691,,25035,5870,5973,
PM,2008,2008-12-31,9328,2078,3.34,10248,16377,-311,6890,7150,2008-12-31,9937,2787,,25705,6001,6129,
PM,2007,2007-12-31,8720,2116,2.9,8873,14078,-10,6026,6299,2007-12-31,8863,2564,,22798,5021,5205,
PM,2006,2006-12-31,8153,2109,2.8,8368,12641,-142,6146,6397,2006-12-31,8226,1829,,20794,4551,4273,
PM,2005,2005-12-31,7645,2090,2.72,7735,12368,-94,5620,5806,2005-12-31,7641,1835,,20013,4525,4633,
PM,2004,2004-12-31,6721,2063,2.32,6482,10862,-4,4570,4716,2004-12-31,6478,1762,,17583,4080,4380,
PM,2003,2003-12-31,6391,2038,1.95,6196,9568,17,3975,4123,2003-12-31,6213,2090,,15959,3372,3372,
PSX,2019,2019-12-31,95690,453.888,8.9163,2364,11753,1751,3076,3419,2019-12-31,4178,759,,107443,2090,9389,43
PSX,2018,2018-12-31,97994,474.047,11.84749,4906,13275,2489,5595,5909,2018-12-31,7445,1536,,111269,2102,8369,31
PSX,2017,2017-12-31,92481,518.508,4.6005,1954,10120,1123,5106,2527,2017-12-31,3555,1028,,102601,2103,8166,463
PSX,2016,2016-12-31,75911,530.066,2.9152,1405,8819,749,1555,1644,2016-12-31,2191,547,,84730,1945,7414,27
PSX,2015,2015-12-31,87179,546.977,7.35964,4429,11796,1241,4227,4280,2015-12-31,6044,1764,,98975,1967,7367,91
PSX,2014,2014-12-31,150446,571.504,6.90414,3157,10766,2194,4762,4091,2014-12-31,5745,1654,,161212,2005,7609,99
PSX,2013,2013-12-31,162111,619,5.88,2548,9485,2858,3726,3682,2013-12-31,5526,1844,,171596,1731,6937,65
PSX,2012,2012-12-31,167784,637,7.34,3312,11506,2934,4124,4083,2012-12-31,6556,2473,,179290,2072,8194,117
PSX,2011,2011-12-31,172768,635,6.13,2016,23163,2893,4775,4737,2011-12-31,6559,1822,,195931,15681,21147,12
PSX,2010,2010-12-31,125092,635,2.45,-690,21469,1721,735,740,2010-12-31,1319,579,,146561,15369,22159,47
PSX,2009,2009-12-31,93156,749,0.63,-464,19536,1191,476,479,2009-12-31,847,368,,112692,14934,20000,41
PSX,2008,2008-12-31,145575,762,3.95,2175,26131,1616,2662,2665,2008-12-31,4114,1449,,171706,17493,23956,14
PNW,2019,2019-12-31,,112.758,3.67369,671.96,,-176.75,538.32,433.731,2019-12-31,542.04,108.309,,3471.209,,2799.249,46.83
PNW,2018,2018-12-31,,112.55,4.48087,773.687,,-157.736,511.047,523.815,2018-12-31,664.442,140.627,,3693.804,,2917.56,48.491
PNW,2017,2017-12-31,,112.367,4.43016,909.763,,-151.289,488.456,517.297,2017-12-31,766.221,248.924,,3564.104,,2655.533,7.747
PNW,2016,2016-12-31,,112.046,3.94511,855.984,,-144.473,442.034,461.527,2016-12-31,697.938,236.411,,3497.911,,2642.698,-13.573
PNW,2015,2015-12-31,,111.552,3.91976,854.602,,-145.077,437.257,456.19,2015-12-31,693.91,237.72,,3494.869,,2640.841,-15.615
PNW,2014,2014-12-31,,111.178,3.5762,811.242,,-154.733,397.595,423.696,2014-12-31,644.401,220.705,,3491.308,,2680.39,-12.108
PNW,2013,2013-12-31,,110.8,3.66,846.3,,-163.5,406.1,440,2013-12-31,670.6,230.6,,3454.3,,2608.3,-12.2
PNW,2012,2012-12-31,,110.5,3.5,851.8,,-178.4,381.5,419,2012-12-31,656.3,237.3,,3293.5,,2450,-17
PNW,2011,2011-12-31,,109.9,2.99,746.5,,-196.9,339.5,355.6,2011-12-31,539.2,183.6,,3237.2,,2494.9,-10.4
PNW,2010,2010-12-31,,107.1,3.08,723.9,,-205.6,350.1,350.6,2010-12-31,514.9,164.3,,3180.7,,2539.8,-3.4
PNW,2009,2009-12-31,102.4,101.3,2.44,321.8,,-208.1,68.3,67.2,2009-12-31,105.1,37.8,,3149.2,,2872.9,-8.6
PNW,2008,2008-12-31,149.1,101,2.52,477.3,,-178.8,242.1,213.6,2008-12-31,279,65.4,,3194.3,,2740.7000000000003,-19.5
PNW,2007,2007-12-31,193.9,100.8,2.96,619.3,,-168.4,307.1,298.8,2007-12-31,449.7,150.9,,3260.5,,2710.5,-1.2
PNW,2006,2006-12-31,324.9,100,3.17,618.9,,-161.5,327.3,317.1,2006-12-31,473.6,156.4,,2965.8,,2458,16.2
PNW,2005,2005-12-31,278.4,96.6,2.31,515.3,,-161.9,176.3,223.2,2005-12-31,350.1,126.9,,2588.7,,2194.2999999999997,-3.4
PNW,2004,2004-12-31,289.9,91.5,2.57,506.3,,-174.7,243.2,235.2,2004-12-31,364.1,128.9,,2497.1,,2103.6,32.5
PNW,2003,2003-12-31,306,91.4,2.52,482.1,,-160.9,240.6,230.6,2003-12-31,336.1,105.6,,2370,,2029.8000000000002,15
PNW,2002,2002-12-31,205.3,85,2.53,516,,-144.2,149.4,215.2,2002-12-31,353.3,138.1,,2339,,1915.8999999999999,-18.6
PNW,2001,2001-12-31,153.5,84.9,3.85,674.6,,-128,312.2,327.4,2001-12-31,540.9,213.5,,4382.5,,3723.2,-5.8
PNW,2000,2000-12-31,134.4,84.9,3.56,676,,-149.6,302.3,302.3,2000-12-31,526.2,223.9,,3531.8,,2879.7999999999997,-0.2
PNW,1999,1999-12-31,119.5,85,3.17,578.8,,-150.7,167.9,269.8,1999-12-31,437.8,168.1,,2293.2,,1725.1,9.8
PNW,1998,1998-12-31,115.3,85.3,2.85,567.1,,-150.5,242.9,242.9,1998-12-31,407.5,164.6,,2006.4,,1448.2,-9.1
PNW,1997,1997-12-31,111.6,86,2.74,557.5,,-144.5,235.9,235.9,1997-12-31,386.1,150.3,,1878.6,,1325.9,-26.9
PNW,1996,1996-12-31,96.1,88,2.4,543.9,,-161.9,181.2,211.1,1996-12-31,339.5,128.5,,1718.3,,1177.8000000000002,-47.6
PNW,1995,1995-12-31,50.3,87.9,2.27,562.4,,-200.2,188,199.6,1995-12-31,327.6,128,,1615,,1057.1000000000001,-39.6
PNW,1994,1994-12-31,59.8,87.7,2.29,533.8,,,200.6,200.6,1994-12-31,323.6,123,,1626.2,,1091.9,-210.2
PNW,1993,1993-12-31,38.2,87.2,1.95,532.7,,,189.2,170,1993-12-31,318.4,148.4,,1602.4,,1063.8,-214.2
PNW,1992,1992-12-31,27.3,87,1.73,547.5,,,156.4,150.4,1992-12-31,292,141.6,,1587.6,,1032.8,-255.4
PNW,1991,1991-12-31,25.5,86.9,-3.91,409.9,,,-186.9,-340.3,1991-12-31,-485.9,-145.6,,1515.3,,1039.2,-895.8
PNW,1990,1990-12-31,88.3,86.8,0.81,455.5,,,97.1,70.2,1990-12-31,147.9,77.7,,1508.3,,1045.8,-307.6
PNW,1989,1989-12-31,63.2,86.7,1.44,480.7,,,-551.9,124.6,1989-12-31,241.7,117.1,,1447.2,,964,-239
PNW,1988,1988-12-31,25.2,86.6,1.76,477.7,,,4.6,152.7,1988-12-31,304.5,151.8,,1442,,961.1999999999999,-173.1
PNW,1987,1987-12-31,21.1,83.7,2.93,500.6,,,280.7,245.5,1987-12-31,413.8,168.3,,1322.9,,819.8,-86.8
PXD,2019,2019-12-31,5645,167,8.10485,1500,4026,-55,756,756,2019-12-31,987,231,58,9671,324,2526,44
PXD,2018,2018-12-31,5069,171,7.52683,1514,4310,-380,978,975,2018-12-31,1251,276,114,9379,381,2796,
PXD,2017,2017-12-31,2613,170,1.49313,301,2681,-200,833,208,2017-12-31,309,101,106,5294,326,2380,
PXD,2016,2016-12-31,1872,166,-2.96566,-625,1637,-336,-556,-556,2016-12-31,-959,-403,119,3509,325,2262,
PXD,2015,2015-12-31,1601,149,-0.08826,-1917,1277,714,-273,-266,2015-12-31,-421,-155,99,2878,327,3194,
PXD,2014,2014-12-31,1616,144,7.19,1051,2709,537,930,1041,2014-12-31,1597,556,177,4325,333,1658,73
PXD,2013,2013-12-31,1151.6,136.1,3.34,-608,2337.9,-162.8,-838.4,-349.9,2013-12-31,-561.7,-211.8,98.4,3489.5,295.9,2945.9,126.6
PXD,2012,2012-12-31,823.4,126.3,3.85,95.9,2016.6,126,192.3,187.7,2012-12-31,280.1,92.4,206.3,2840,248.3,1920.6,62.1
PXD,2011,2011-12-31,600.7,119.2,5.55,449,1795.3,211.1,834.5,458.8,2011-12-31,656.4,197.6,121.3,2396,195.9,1346.3999999999999,34.2
PXD,2010,2010-12-31,478.3,116.3,3.31,504.1,1386.9,265.4,605.2,516.2,2010-12-31,788.5,272.3,190.1,1865.2,164.9,882.8,38.6
PXD,2009,2009-12-31,478.7,114.2,-0.69,-6.3,1233.6,-173.4,-52.1,-132.3,2009-12-31,-180.5,-48.1,98,1712.3,144.7,1239.8999999999999,36.5
PXD,2008,2008-12-31,595.2,118.6,2.42,580.4,1743.4,-153.6,220.1,220.8,2008-12-31,426.5,205.6,235.5,2338.7,141.8,1163.1,127.1
PXD,2007,2007-12-31,420.7,121.7,2.49,492.1,1414.8,-135.3,372.7,242,2007-12-31,354.6,112.6,279.3,1835.5,129.6,922.8,31.9
PXD,2006,2006-12-31,398.3,127.6,1.57,423.9,1242.5,-107,739.7,172.3,2006-12-31,309,136.7,264.1,1640.8,121.8,818.6000000000001,28.2
PXD,2005,2005-12-31,449.3,141.4,2.88,782.8,1863.4,-127.8,534.6,423.7,2005-12-31,715.5,291.7,266.8,2312.7,124.6,1080.7,86.8
PXD,2004,2004-12-31,345.5,127.5,2.66,582.6,1501.2,-103.4,312.9,312.9,2004-12-31,479.2,166.4,181.7,1846.7,80.5,918.7,33.7
PXD,2003,2003-12-31,279.5,118.5,3.33,420.9,1031.4,-91.4,410.6,395.2,2003-12-31,330.8,-64.4,132.8,1310.9,60.5,610.5,21.3
PXD,2002,2002-12-31,199.6,114.3,0.39,145.5,513.4,-95.8,26.7,49.1,2002-12-31,54.1,5.1,85.9,713,48.4,367.9,17.3
PXD,2001,2001-12-31,209.7,99.7,0.97,232,659.1,-132,100,103.7,2001-12-31,107.8,4,127.9,868.8,37,427.09999999999997,39.6
PXD,2000,2000-12-31,189.3,99.8,1.43,286.3,689.2,-162,152.2,164.5,2000-12-31,158.5,-6,87.6,878.5,33.3,402.90000000000003,67.2
PXD,1999,1999-12-31,159.5,100.3,0.1,171.5,574.8,-170.3,-22.5,-22.5,1999-12-31,-23.1,-0.6,66,734.3,40.2,403.4,34.6
PXD,1998,1998-12-31,223.6,100.1,-4.26,-566.1,498.4,-164.3,-746.4,-746.4,1998-12-31,-730.8,15.6,121.9,721.9,73,1064.4,39.6
PXD,1997,1997-12-31,144.2,52,0.02,-1305,396.9,-77.6,-890.7,-877.3,1997-12-31,-1377.6,-500.3,77.2,541.1,48.8,1701.8,7.1
PXD,1996,1996-12-31,122.9,42.6,1.88,149.4,315.3,-46.2,140.2,140.2,1996-12-31,200.3,60.1,23,438.2,28.4,165.9,2.5
PXD,1995,1995-12-31,156.8,35.1,-0.86,-101.2,340.4,-65.4,-99.8,-104.1,1995-12-31,-150,-45.9,27.6,497.1,113.1,441.49999999999994,11.4
PXD,1994,1994-12-31,262.2,30.1,-0.67,20.5,224.4,-50.6,-14.6,-14,1994-12-31,-20.5,-6.5,25.2,486.7,28.9,203.90000000000003,4.3
PXD,1993,1993-12-31,172.7,27.9,0.58,48.5,160.1,-23.3,48.5,31.4,1993-12-31,48.4,17,2.8,332.9,24.6,111.60000000000002,3.9
PXD,1992,1992-12-31,101.3,25.8,0.91,40.7,104.7,-14.7,27.1,27.1,1992-12-31,30.1,3,4.2,206,12,64.00000000000001,2.3
PXD,1991,1991-12-31,67.7,20,0.71,19.9,81.4,-7.8,15.4,15.4,1991-12-31,15.4,0,4.2,149.1,20.4,61.39999999999999,3
PXD,1990,1990-12-31,23.7,12.4,1.24,18.3,46.7,-3.5,10.2,10.2,1990-12-31,10.4,0.2,0.9,70.3,6.6,28.400000000000002,2.1
PXD,1989,1989-12-31,25.1,12.6,0.92,12.1,30.2,,11.7,11.7,1989-12-31,12.1,0.4,2.3,55.3,5.8,18.1,-12
PXD,1988,1988-12-31,16.6,9.2,-0.78,-5.6,21.9,-1.6,-7.9,-7.9,1988-12-31,-7.9,0,1,38.4,4.3,27.5,-0.4
PNC,2019,2019-12-31,,448,11.40179,,,,5369,5418,2019-12-31,6480,1062,,,,,
PNC,2018,2018-12-31,,470,10.7234,,,,5301,5346,2018-12-31,6428,1082,,,,,
PNC,2017,2017-12-31,,486,7.92798,,,,5338,4188,2017-12-31,5490,1302,,,,,
PNC,2016,2016-12-31,,500,7.324,,,,3903,3985,2016-12-31,5253,1268,,,,,
PNC,2015,2015-12-31,,521,7.41651,,,,4106,4143,2015-12-31,5507,1364,,,,,
PNC,2014,2014-12-31,,537,7.34,,,,4184,4207,2014-12-31,5614,1407,,,,,
PNC,2013,2013-12-31,,532,7.45,,,,4220,4227,2013-12-31,5568,1341,,,,,
PNC,2012,2012-12-31,,529,5.92,,,,3013,3001,2012-12-31,3943,942,,,,,
PNC,2011,2011-12-31,,526,6.06,,,,3056,3071,2011-12-31,4069,998,,,,,
PNC,2010,2010-12-31,,520,6.38,,,,3412,3024,2010-12-31,4061,1037,,,,,
PNC,2009,2009-12-31,,455,3.47,,,,2447,2358,2009-12-31,3225,867,,,,,
PNC,2008,2008-12-31,,347,2.46,,,,882,882,2008-12-31,1243,361,,,,,
PNC,2007,2007-12-31,,335,4.36,,,,1467,1467,2007-12-31,2094,627,,,,,
PNC,2006,2006-12-31,,297,8.83,,,,2595,2595,2006-12-31,3958,1363,,,,,
PNC,2005,2005-12-31,,290,4.66,,,,1325,1325,2005-12-31,1929,604,,,,,
PNC,2004,2004-12-31,,284,4.23,,,,1197,1197,2004-12-31,1735,538,,,,,
PNC,2003,2003-12-31,,281,3.73,,,,1001,1029,2003-12-31,1568,539,,,,,
PNC,2002,2002-12-31,,285,4.29,,,,1184,1200,2002-12-31,1821,621,,,,,
PNC,2001,2001-12-31,,290,1.74,,,,377,377,2001-12-31,564,187,,,,,
PNC,2000,2000-12-31,,293,4.54,,,,1279,1214,2000-12-31,1848,634,,,,,
PNC,1999,1999-12-31,,300,4.42,,,,1264,1264,1999-12-31,1891,627,,,,,
PNC,1998,1998-12-31,,305,3.82,,,,1115,1115,1998-12-31,1710,595,,,,,
PNC,1997,1997-12-31,,316,3.45,,,,1052,1052,1997-12-31,1618,566,,,,,
PNC,1996,1996-12-31,,345,2.88,,,,992,992,1996-12-31,1527,535,,,,,
PNC,1995,1995-12-31,,344,1.68,,,,408,408,1995-12-31,627,219,,,,,
PNC,1994,1994-12-31,,238,2.55,,,,610,610,1994-12-31,902,292,,,,,
PNC,1993,1993-12-31,,238,3.11,,,,724,743,1993-12-31,1114,371,,,,,
PNC,1992,1992-12-31,,227,2.31,,,,425,528,1992-12-31,777,249,,,,,
PNC,1991,1991-12-31,,201,1.59,,,,390,390,1991-12-31,548,158,,,,,
PNC,1990,1990-12-31,,190,0.36,,,,70,70,1990-12-31,29,-41,,,,,
PNC,1989,1989-12-31,,193,1.92,,,,376,376,1989-12-31,484,108,,,,,
PNC,1988,1988-12-31,,179,2.47,,,,442,442,1988-12-31,589,147,,,,,
PNC,1987,1987-12-31,,175,1.41,,,,258,258,1987-12-31,312,54,,,,,
PNC,1986,1986-12-31,,137,1.71,,,,287,287,1986-12-31,334,47,,,,,
PNC,1985,1985-12-31,,134,1.41,,,,190,190,1985-12-31,238,48,,,,,
PNC,1984,1984-12-31,,122,1.18,,,,144,144,1984-12-31,183,39,,,,,
PNC,1983,1983-12-31,,129,0.91,,,,118,118,1983-12-31,155,37,,,,,
PPG,2019,2019-12-31,8619,238.2,5.84054,1693,6527,-102,1243,1269,2019-12-31,1661,392,408,15146,3638,4834,70
PPG,2018,2018-12-31,9001,245.4,5.66082,1732,6373,-142,1341,1327,2018-12-31,1693,366,418,15374,3573,4641,103
PPG,2017,2017-12-31,8207,257.8,6.06008,2004,6541,-92,1594,1524,2017-12-31,2005,481,453,14748,3564,4537,93
PPG,2016,2016-12-31,7693,267.4,5.60024,929,6577,-108,877,569,2016-12-31,786,217,459,14270,3581,5648,-35
PPG,2015,2015-12-31,7786,273.6,5.46962,1811,6455,-93,1406,1332,2015-12-31,1745,413,466,14241,3584,4644,27
PPG,2014,2014-12-31,8791,280,4.29,1514,6569,-144,2102,1157,2014-12-31,1416,259,492,15360,3758,5055,46
PPG,2013,2013-12-31,8636,290,3.97,1701,6472,-161,3231,1156,2013-12-31,1489,333,488,15108,3699,4771,-51
PPG,2012,2012-12-31,9069,310,4.18,1634,6131,,941,1064,2012-12-31,1402,338,455,15200,3335,4497,-232
PPG,2011,2011-12-31,9081,319,3.57,1765,5804,-168,1095,1212,2011-12-31,1597,385,430,14885,3234,4039,-55
PPG,2010,2010-12-31,8214,332,2.15,1450,5209,-155,769,880,2010-12-31,1295,415,394,13423,2979,3759,-43
PPG,2009,2009-12-31,7539,331,1.06,782,4700,-165,336,426,2009-12-31,617,191,388,12239,2936,3918,-54
PPG,2008,2008-12-31,10155,331,2.01,1136,5694,-228,538,624,2008-12-31,908,284,451,15849,3432,4558,-60
PPG,2007,2007-12-31,7087,332,2.51,1316,4119,-73,834,888,2007-12-31,1243,355,339,11206,2136,2803,-46
PPG,2006,2006-12-31,7036,333,2.28,1129,4001,-69,711,782,2006-12-31,1060,278,318,11037,1980,2872,163
PPG,2005,2005-12-31,6473,342,1.79,1015,3728,-68,596,665,2005-12-31,947,282,309,10201,1771,2713,253
PPG,2004,2004-12-31,5999,346,2.04,1141,3514,-78,683,741,2004-12-31,1063,322,303,9513,1715,2373,-44
PPG,2003,2003-12-31,5521,342,1.54,940,3235,-97,494,550,2003-12-31,843,293,290,8756,1578,2295,-13
PPG,2002,2002-12-31,5066,338,1.42,91,3001,-119,-69,-21,2002-12-31,-28,-7,273,8067,1419,2910,-13
PPG,2001,2001-12-31,5137,338,1.34,820,3032,-154,387,419,2001-12-31,666,247,266,8169,1395,2212,16
PPG,2000,2000-12-31,5334,347,1.79,1182,3295,-165,620,648,2000-12-31,1017,369,282,8629,1364,2113,54
PPG,1999,1999-12-31,4719,351,1.81,1098,3038,-125,568,596,1999-12-31,973,377,284,7757,1230,1940,-43
PPG,1998,1998-12-31,4476,357,2.14,1392,3034,-98,801,828,1998-12-31,1294,466,271,7510,1133,1642,-59
PPG,1997,1997-12-31,4397,363,2.04,1272,2982,-97,714,740,1997-12-31,1175,435,250,7379,1068,1710,-8
PPG,1996,1996-12-31,4340,379,1.96,1325,2878,-85,744,769,1996-12-31,1240,471,239,7218,1004,1554,-11
PPG,1995,1995-12-31,4212,407,1.88,1336,2846,-74,768,783,1995-12-31,1262,480,236,7058,977,1509,2
PPG,1994,1994-12-31,3866,424,1.34,942,2466,-86,515,531,1994-12-31,856,325,218,6331,919,1523,-16
PPG,1993,1993-12-31,3633,425,0.86,647,2121,-103,22,308,1993-12-31,544,236,201,5754,872,1474,-40
PPG,1992,1992-12-31,3695,424,0.77,683,2119,-141,319,323,1992-12-31,542,218,203,5814,880,1436,11
PPG,1991,1991-12-31,3676,425,0.59,507,1997,-153,276,207,1991-12-31,354,147,220,5673,859,1490,-15
PPG,1990,1990-12-31,3743,429,1.11,929,2279,-151,475,487,1990-12-31,779,292,218,6021,833,1349,-13
PPG,1989,1989-12-31,3609,445,1.01,884,2125,-127,465,473,1989-12-31,757,284,233,5734,764,1241,0
PPG,1988,1988-12-31,3413,439,1.1,903,2204,-115,468,477,1988-12-31,788,311,232,5617,799,1300,-7
PPG,1987,1987-12-31,3226,473,0.78,749,1957,-107,377,383,1987-12-31,642,260,239,5183,760,1208,-25
PPG,1986,1986-12-31,2891,476,0.67,662,1796,-99,316,327,1986-12-31,563,236,209,4687,726,1135,-25
PPG,1985,1985-12-31,2644,534,0.72,600,1701,-61,303,305,1985-12-31,539,234,176,4346,612,1102,-27
PPG,1984,1984-12-31,2655,560,0.69,575,1588,-48,303,303,1984-12-31,527,224,150,4242,547,1012,-23
PPG,1983,1983-12-31,2348,558,0.57,408,1333,-32,233,234,1983-12-31,377,143,127,3682,505,926,-14
PPL,2019,2019-12-31,723,736.754,2.374,2840,,-1008,1746,1746,2019-12-31,2155,409,,,,4206,323
PPL,2018,2018-12-31,745,708.619,2.57543,2852,,-813,1827,1827,2018-12-31,2285,458,,,,4188,246
PPL,2017,2017-12-31,685,687.334,2.10524,3068,,-1162,1128,1449,2017-12-31,1912,463,,,,3694,6
PPL,2016,2016-12-31,706,680.446,2.78641,3048,,-888,1902,1902,2016-12-31,2550,648,,,,3763,390
PPL,2015,2015-12-31,855,672.586,2.38334,2831,,-871,682,1603,2015-12-31,2068,465,,,,3983,108
PPL,2014,2014-12-31,924,665.973,2.15775,2867,,-843,1737,1437,2014-12-31,2129,692,,,,4061,105
PPL,2013,2013-12-31,2400,663,2.73,2338,,-1018,1130,1129,2013-12-31,1309,180,,11331,,7122,-21
PPL,2012,2012-12-31,3039,582,2.51,3082,,-923,1526,1537,2012-12-31,2082,545,,10930,,6165,-77
PPL,2011,2011-12-31,3737,551,2.79,3095,,-857,1495,1510,2011-12-31,2201,691,,11506,,5905,-37
PPL,2010,2010-12-31,2870,432,3.07,1863,,-562,938,976,2010-12-31,1239,263,,7695,,3788,-62
PPL,2009,2009-12-31,3187,376,1.16,972,,-371,407,466,2009-12-31,596,130,,6964,,3397,-5
PPL,2008,2008-12-31,2741,377,2.45,1819,,-413,948,942,2008-12-31,1382,440,,7495,,3484,-23
PPL,2007,2007-12-31,1482,385,2.61,1683,,-417,1306,1034,2007-12-31,1304,270,,5586,,3333,26
PPL,2006,2006-12-31,1970,387,2.29,1599,,-482,879,910,2006-12-31,1185,275,,6105,,3330,68
PPL,2005,2005-12-31,1572,384,1.92,1346,,-508,680,746,2005-12-31,867,121,,5457,,3301,29
PPL,2004,2004-12-31,1483,370,1.89,1387,,-523,700,710,2004-12-31,905,195,,5147,,2942,41
PPL,2003,2003-12-31,1521,347,2.09,1340,,-475,763,755,2003-12-31,925,170,,4924,,2726,60
PPL,2002,2002-12-31,1416,306,1.71,1240,,-560,275,503,2002-12-31,713,210,,4669,,2773,33
PPL,2001,2001-12-31,2098,293,1.33,855,,-387,231,219,2001-12-31,480,261,,5069,,2772,12
PPL,2000,2000-12-31,2312,290,1.68,1202,,-376,524,517,2000-12-31,811,294,,5247,,2169,-15
PPL,1999,1999-12-31,1781,305,1.57,872,,-277,458,518,1999-12-31,692,174,,4313,,1937,97
PPL,1998,1998-12-31,1166,329,1.15,827,,-230,-544,404,1998-12-31,663,259,,3668,,1793,66
PPL,1997,1997-12-31,504,329,0.9,792,,-215,320,320,1997-12-31,567,247,,,,1753,-10
PPL,1996,1996-12-31,352,322,1.02,809,,-220,357,357,1996-12-31,610,253,,,,1749,21
PPL,1995,1995-12-31,291,315,0.9,835,,-226,350,350,1995-12-31,612,262,,,,1625,3
PPL,1994,1994-12-31,,307,0.83,719,,-226,244,244,1994-12-31,463,218,,,,2006,-31
PPL,1993,1993-12-31,,304,1.03,798,,-233,348,348,1993-12-31,583,235,,,,1929,18
PPL,1992,1992-12-31,,303,1.01,802,,-245,347,347,1992-12-31,575,228,,,,1942,19
PPL,1991,1991-12-31,,303,1,800,,-245,348,348,1991-12-31,566,217,,,,1941,11
PPL,1990,1990-12-31,,302,0.99,787,,-258,344,344,1990-12-31,540,196,,,,1602,12
PPL,1989,1989-12-31,,301,1.01,826,,-276,353,353,1989-12-31,561,207,,,,1550,10
PPL,1988,1988-12-31,,300,0.93,796,,-284,332,332,1988-12-31,523,191,,,,1418,11
PPL,1987,1987-12-31,,299,0.83,826,,-297,302,302,1987-12-31,538,236,,,,1264,9
PPL,1986,1986-12-31,,298,0.78,880,,-307,300,300,1986-12-31,582,282,,,,1310,10
PPL,1985,1985-12-31,,298,0.72,770,,-289,291,291,1985-12-31,534,243,,,,1207,53
PPL,1984,1984-12-31,,291,0.78,593,,-210,319,319,1984-12-31,505,186,,,,970,122
PPL,1983,1983-12-31,,275,0.82,402,,-168,296,296,1983-12-31,408,112,,,,846,174
PFG,2019,2019-12-31,,281,5.09359,1694.3,,-1,1394.2,1444.1,2019-12-31,1693.3,249.2,,,182.9,14571.3,
PFG,2018,2018-12-31,,288.8,5.44265,1784.4,,,1546.5,1553.7,2018-12-31,1784.4,230.7,,,123.6,12481.9,
PFG,2017,2017-12-31,,293.1,6.06091,2252.2,,,2310.4,1727.8,2017-12-31,2252.2,524.4,,,124.6,11922.8,
PFG,2016,2016-12-31,,292.7,4.7854,1591.7,,,1316.5,1361.8,2016-12-31,1591.7,229.9,,,156.6,10900.8,
PFG,2015,2015-12-31,,298,4.14682,1430.8,,,1234,1253.2,2015-12-31,1430.8,177.6,,,163.5,10563.8,
PFG,2014,2014-12-31,,298.7,3.92475,1494.9,,,1144.1,1176.4,2014-12-31,1494.9,318.5,,,177.4,9060.7,
PFG,2013,2013-12-31,,298,3.28,1124,,,913,936,2013-12-31,1124,188,,,189,8282,
PFG,2012,2012-12-31,,300,3.01,959,,,806,825,2012-12-31,959,135,,,198,8374,
PFG,2011,2011-12-31,,318,2.19,988,,,715,751,2011-12-31,988,236,,,210,7722,
PFG,2010,2010-12-31,,323,2,841,,,699,717,2010-12-31,841,124,,,220,8317,
PFG,2009,2009-12-31,,299,1.77,746,,,623,646,2009-12-31,746,100,,,242,8103,
PFG,2008,2008-12-31,,261,1.63,454,,,458,458,2008-12-31,454,-5,,,267,9482,
PFG,2007,2007-12-31,,268,3.01,1048,,,860,840,2007-12-31,1048,208,,,294,9858,
PFG,2006,2006-12-31,,276,3.63,1329,,,1064,1034,2006-12-31,1329,295,,,291,8542,
PFG,2005,2005-12-31,,290,3.02,1124,,,919,892,2005-12-31,1124,232,,,293,7883,
PFG,2004,2004-12-31,,315,2.23,882,,,826,703,2004-12-31,882,179,,,297,7422,
PFG,2003,2003-12-31,,327,2.23,954,,,746,728,2003-12-31,954,226,,,308,8451,
PFG,2002,2002-12-31,,351,1.77,666,,,142,620,2002-12-31,666,46,,,317,8157,
PFG,2001,2001-12-31,,361,1.02,449,,,359,370,2001-12-31,449,79,,,314,8369,
PFG,2000,2000-12-31,,361,1.72,861,,,620,620,2000-12-31,861,240,,,313,8024,
PFG,1999,1999-12-31,,361,2.06,1066,,,742,742,1999-12-31,1066,324,,,305,7636,
PFG,1998,1998-12-31,,361,1.92,735,,,693,693,1998-12-31,735,42,,,299,7462,
PFG,1997,1997-12-31,,361,1.26,694,,,454,454,1997-12-31,694,241,,,299,7967,
PFG,1996,1996-12-31,,361,1.46,830,,,526,526,1996-12-31,830,304,,,299,8295,
PG,2020,2020-06-30,34636,2625.8,5.2076,15693,36314,-310,13027,13103,2020-06-30,15834,2731,,70950,19849,20621,451
PG,2019,2019-06-30,33949,2539.5,5.02579,5828,33735,-289,3897,3966,2019-06-30,6069,2103,,67684,19005,27907,530
PG,2018,2018-06-30,33613,2656.7,4.39342,13343,33219,-259,9750,10461,2018-06-30,13326,2865,,66832,18679,19876,242
PG,2017,2017-06-30,31942,2740.4,4.26945,13955,33116,-294,15326,10194,2017-06-30,13257,3063,,65058,18431,19161,-404
PG,2016,2016-06-30,32191,2844.4,3.73401,13441,33108,-397,10508,10027,2016-06-30,13369,3342,,65299,18747,19667,325
PG,2015,2015-06-30,36442,2883.6,3.61409,11049,34307,-477,7036,8287,2015-06-30,11012,2725,,70749,20278,23258,440
PG,2014,2014-06-30,42061,2905,4.1,15288,41001,-609,11643,11707,2014-06-30,14885,3178,,83062,24941,25713,206
PG,2013,2013-06-30,42072,2931,4.19,14481,42095,-580,11312,11402,2013-06-30,14843,3441,,84167,26350,27614,942
PG,2012,2012-06-30,42085,2941,3.77,13292,41595,-769,10756,9317,2012-06-30,12785,3468,1982,83680,23693,28303,262
PG,2011,2011-06-30,40768,3002,3.93,15818,41791,-831,11797,11797,2011-06-30,15189,3392,,82559,25973,25973,202
PG,2010,2010-06-30,37919,3099,3.53,16021,41019,-946,12736,10946,2010-06-30,15047,4101,,78938,24998,24998,-28
PG,2008,2008-06-30,40695,3317,3.64,17083,42808,-1467,12075,12075,2008-06-30,16078,4003,,83503,25725,25725,462
PG,2007,2007-06-30,36686,3399,3.04,15450,39790,-1304,10340,10340,2007-06-30,14710,4370,2112,76476,22228,24340,564
PG,2006,2006-06-30,33125,3286,2.64,13249,35097,-1119,8684,8684,2006-06-30,12413,3729,2075,68222,19773,21848,283
PG,2005,2005-06-30,27804,2726,2.16,8987,28937,-834,5317,5317,2005-06-30,8499,3182,1940,56741,18010,19950,346
PG,2004,2004-06-30,25076,2790,2.46,9827,26331,-629,6481,6481,2004-06-30,9350,2869,1802,51407,14702,16504,152
PG,2003,2003-06-30,21760,2803,2.06,7853,21613,-561,5186,5186,2003-06-30,7530,2344,1665,43373,11344,13764,238
PG,2002,2002-06-30,20481,2810,1.98,6678,19688,-603,4352,4352,2002-06-30,6383,2031,1601,40169,10451,13079,308
PG,2001,2001-06-30,20962,2811,1.42,4736,18282,-794,2922,2922,2001-06-30,4616,1694,1769,39244,10054,13546,674
PG,2000,2000-06-30,21018,2854,1.42,5954,18933,-722,3542,3542,2000-06-30,5536,1994,1899,39951,10266,12979,304
PG,1999,1999-06-30,21206,2894,1.29,6253,16919,-650,3763,3763,1999-06-30,5838,2075,1726,38125,8940,10666,235
PG,1998,1998-06-30,21064,2931,1.28,6055,16090,-548,3780,3780,1998-06-30,5708,1928,1546,37154,8489,10035,201
PG,1997,1997-06-30,20316,2974,1.14,5488,15448,-457,3415,3415,1997-06-30,5249,1834,1282,35764,8678,9960,218
PG,1996,1996-06-30,20762,2992,1,4815,14522,-484,3046,3046,1996-06-30,4669,1623,1221,35284,8486,9707,338
PG,1995,1995-06-30,19623,2989,0.87,4179,13811,-488,2645,2645,1995-06-30,4000,1355,1257,33434,8375,9632,309
PG,1994,1994-06-30,17338,2972,0.73,3670,13047,-482,2211,2211,1994-06-30,3346,1135,1059,30385,8318,9377,158
PG,1993,1993-06-30,17683,2722,0.83,456,12750,-552,-656,269,1993-06-30,349,80,956,30433,8633,12294,445
PG,1992,1992-06-30,17324,2960,0.61,2867,12038,-510,1872,1872,1992-06-30,2885,1013,861,29362,8310,9171,528
PG,1991,1991-06-30,16081,2981,0.58,2702,10945,-395,1773,1773,1991-06-30,2687,914,,27026,8243,8243,380
PG,1990,1990-06-30,14658,2954,0.53,2302,9423,-442,1602,1602,1990-06-30,2421,819,,24081,7121,7121,561
PG,1989,1989-06-30,13371,2755,0.43,2039,8027,-391,1206,1206,1989-06-30,1939,733,,21398,5988,5988,291
PG,1988,1988-06-30,11880,2726,0.37,1796,7456,-321,1020,1020,1988-06-30,1630,610,,19336,5660,5660,155
PG,1987,1987-06-30,10411,2728,0.27,807,6589,-353,327,327,1987-06-30,617,290,,17000,4977,5782,163
PG,1986,1986-06-30,9829,2710,0.26,1305,5610,-257,709,709,1986-06-30,1175,466,,15439,4305,4305,127
PG,1985,1985-06-30,9099,2688,0.24,976,4453,-165,635,635,1985-06-30,1004,369,,13552,3477,3477,193
PG,1984,1984-06-30,8533,2674,0.33,1387,4413,-139,890,890,1984-06-30,1427,537,,12946,3026,3026,179
PG,1983,1983-06-30,8020,2654,0.33,1529,4432,-108,866,866,1983-06-30,1550,684,,12452,2903,2903,129
PGR,2019,2019-12-31,,587.2,6.7156,5350,,-189.7,3970.3,3980,2019-12-31,5160.3,1180.3,,,,33647.7,
PGR,2018,2018-12-31,,586.7,4.42117,3330.1,,-166.5,2615.3,2621,2018-12-31,3163.6,542.6,,,,28624.6,
PGR,2017,2017-12-31,,585.7,2.54977,2292,,-153.1,1592.2,1498.6,2017-12-31,2138.9,640.3,,,,24524.1,
PGR,2016,2016-12-31,,585,1.76043,1611.6,,-140.9,1031,1057.2,2016-12-31,1470.7,413.5,,,,21805.8,
PGR,2015,2015-12-31,,589.2,2.15243,2047.6,,-136,1267.6,1300.5,2015-12-31,1911.6,611.1,,,,18784.3,
PGR,2014,2014-12-31,,594.8,2.15908,2024.3,,-116.9,1281,1281,2014-12-31,1907.4,626.4,,,,17353,
PGR,2013,2013-12-31,,604,1.94,1838,,-118,1165,1165,2013-12-31,1720,555,,,,16318,
PGR,2012,2012-12-31,,608,1.49,1442,,-124,902,902,2012-12-31,1318,415,,,,15627,
PGR,2011,2011-12-31,,637,1.59,1620,,-133,1016,1016,2011-12-31,1487,472,,,,13875,
PGR,2010,2010-12-31,,663,1.61,1699,,-134,1068,1068,2010-12-31,1565,497,,,,13253,
PGR,2009,2009-12-31,,672,1.57,1696,,-139,1058,1058,2009-12-31,1557,499,,,,12857,
PGR,2008,2008-12-31,,674,-0.09,-86,,-137,-70,-70,2008-12-31,-222,-152,,,,12917,
PGR,2007,2007-12-31,,719,1.65,1802,,-109,1183,1183,2007-12-31,1693,511,,,,12873,
PGR,2006,2006-12-31,,784,2.1,2511,,-77,1648,1648,2006-12-31,2433,786,,,,12264,
PGR,2005,2005-12-31,,799,1.74,2142,,-83,1394,1394,2005-12-31,2059,665,,,,12150,
PGR,2004,2004-12-31,,865,1.91,2532,,-81,1649,1649,2004-12-31,2451,802,,,,11237,
PGR,2003,2003-12-31,,882,1.42,1955,,-96,1255,1255,2003-12-31,1860,604,,,,9925,
PGR,2002,2002-12-31,,893,0.75,1056,,-75,667,667,2002-12-31,981,314,,,,8227,
PGR,2001,2001-12-31,,901,0.46,640,,-52,411,411,2001-12-31,588,176,,,,6836,
PGR,2000,2000-12-31,,892,0.05,110,,-78,46,46,2000-12-31,32,-14,,,,6652,
PGR,1999,1999-12-31,,895,0.33,489,,-76,295,295,1999-12-31,412,117,,,,5626,
PGR,1998,1998-12-31,,896,0.51,722,,-61,457,457,1998-12-31,661,204,,,,4563,
PGR,1997,1997-12-31,,904,0.44,643,,-65,400,400,1997-12-31,579,179,,,,3955,
PGR,1996,1996-12-31,,890,0.35,503,,-62,314,314,1996-12-31,442,128,,,,2969,
PGR,1995,1995-12-31,,890,0.27,403,,-57,251,251,1995-12-31,346,95,,,,2601,
PGR,1994,1994-12-31,,888,0.3,435,,-55,274,274,1994-12-31,380,106,,,,1972,
PGR,1993,1993-12-31,,862,0.3,413,,-40,267,267,1993-12-31,373,106,,,,1532,
PGR,1992,1992-12-31,,851,0.21,223,,-45,154,140,1992-12-31,179,39,,,,1499,
PGR,1991,1991-12-31,,799,0.03,81,,-48,33,33,1991-12-31,33,0,,,,1390,
PGR,1990,1990-12-31,,983,0.1,137,,-49,93,93,1990-12-31,88,-5,,,,1220,
PGR,1989,1989-12-31,,1066,0.07,135,,-49,78,78,1989-12-31,86,8,,,,1257,
PGR,1988,1988-12-31,,1091,0.1,148,,-16,108,108,1988-12-31,132,24,,,,1208,
PGR,1987,1987-12-31,,1041,0.09,118,,-11,90,90,1987-12-31,108,18,,,,942,
PGR,1986,1986-12-31,,1026,0.06,77,,-6,65,65,1986-12-31,71,6,,,,655,
PGR,1985,1985-12-31,,845,0.04,43,,-9,36,35,1985-12-31,34,-1,,,,458,
PGR,1984,1984-12-31,,780,0.02,18,,-6,14,14,1984-12-31,12,-2,,,,285,
PGR,1983,1983-12-31,,890,0.03,32,,-6,26,23,1983-12-31,25,3,,,,245,
PLD,2019,2019-12-31,918.927,654.903,1.24874,975.822,2411.694,-57.277,1572.959,1721.33,2019-12-31,1776.363,55.033,,3330.621,266.718,1435.8719999999998,
PLD,2018,2018-12-31,757.688,590.239,1.50719,844.416,2046.761,200.878,1649.361,1835.006,2018-12-31,1886.29,51.284,,2804.449,238.985,1202.3449999999998,
PLD,2017,2017-12-31,724.664,552.3,1.09931,702.687,1893.47,-70.084,1652.325,1760.959,2017-12-31,1815.568,54.609,,2618.134,231.059,1190.783,
PLD,2016,2016-12-31,697.376,546.666,0.93511,670.862,1835.759,-81.156,1209.932,1292.54,2016-12-31,1347.104,54.564,,2533.135,222.067,1164.897,
PLD,2015,2015-12-31,631.632,533.944,0.40843,293.869,1565.442,-104.151,869.439,925.515,2015-12-31,948.605,23.09,,2197.074,238.199,1271.5729999999999,
PLD,2014,2014-12-31,527.3,506.4,0.51,154.5,1233.5,-166.7,636.2,739.3,2014-12-31,713.6,-25.7,,1760.8,247.8,1079,
PLD,2013,2013-12-31,541.2,486.1,-0.05,27.4,1209.3,-288.8,342.9,229.5,2013-12-31,336.3,106.7,,1750.5,229.2,1181.8999999999999,
PLD,2012,2012-12-31,505.5,459.9,-0.23,78.2,1500.5,-473.4,-39.7,-93.2,2012-12-31,-89.6,3.6,,2006,291.9,1422.3,
PLD,2011,2011-12-31,384.7,370.5,-0.43,1.3,1148.6,-355.6,-153.4,-244.5,2011-12-31,-242.7,1.8,,1533.3,250.1,1147.3,
PLD,2010,2010-12-31,189.5,162,-0.04,112,444,-106.2,27.1,9.4,2010-12-31,9.4,0,,633.5,124.4,332,3.5
PLD,2009,2009-12-31,190.1,134.3,0.36,-54.7,443.7,-74.3,-43,-122.7,2009-12-31,-122.7,0,,633.8,115.3,498.5,6.3
PLD,2008,2008-12-31,185.8,97.4,1.23,9.4,529.3,-35.3,-49.3,-9.2,2008-12-31,-9.2,0,,715,144,519.8,-3.2
PLD,2007,2007-12-31,175.1,99.8,1.52,196.8,494.5,4.8,314.3,297.4,2007-12-31,297.4,0,,669.7,129.5,297.70000000000005,22.3
PLD,2006,2006-12-31,177.9,91.1,1.8,261,552,-26.2,224.1,234.8,2006-12-31,234.8,0,,729.9,104.3,291,
PLD,2005,2005-12-31,164.7,87.9,1.3,274.5,511.5,-77.4,263.7,216.1,2005-12-31,216.1,0,,676.1,71.6,237,
PLD,2004,2004-12-31,170.2,85.4,0.77,276.5,495.4,-141.6,125.5,140.1,2004-12-31,140.1,0,,665.7,59,219,
PLD,2003,2003-12-31,159.9,82.9,0.82,268.6,455.1,-122.2,134,153.8,2003-12-31,153.8,0,,615,47.7,186.49999999999997,
PLD,2002,2002-12-31,145.9,84.8,0.93,279.5,453.8,-129.9,124.2,157.3,2002-12-31,157.3,0,,599.7,47.2,174.29999999999998,
PLD,2001,2001-12-31,138.2,85.2,1.2,293.6,440.8,-114.8,138,202.1,2001-12-31,202.1,0,,579,35.8,147.2,
PLD,2000,2000-12-31,107.7,84.2,1.26,244.8,364.8,-85.1,121.8,166.7,2000-12-31,166.7,0,,472.5,23.8,119.99999999999999,
PLD,1999,1999-12-31,107.9,86.3,1.35,242.8,335.6,-84,176.1,212.6,1999-12-31,212.6,0,,443.5,25.2,92.79999999999998,
PLD,1998,1998-12-31,96.1,86.2,1.26,193.4,262.8,-69.7,112.6,123.8,1998-12-31,123.8,0,,358.9,11.9,69.4,
PLD,1997,1997-12-31,28.3,13.2,1.38,22.4,27.8,-3.5,18.2,18.9,1997-12-31,18.9,0,,56.1,1.2,5.300000000000001,
PLD,1996,1996-12-31,16.9,5.1,1.38,7.1,7.1,0,7,7.1,1996-12-31,7.1,0,,24,0,0,
PLD,1995,1995-12-31,13.6,5.1,0.64,3.3,3.3,0,3.3,3.3,1995-12-31,3.3,0,,16.9,0,0,
PRU,2019,2019-12-31,,410.9,10.72849,5085,,,4186,4138,2019-12-31,5085,947,,,15690,60037,
PRU,2018,2018-12-31,,426.2,9.66149,4834,,,4074,3859,2018-12-31,4834,975,,,13285,58437,
PRU,2017,2017-12-31,,436,11.72855,6487,,,7863,5045,2017-12-31,6487,1442,,,14006,53469,
PRU,2016,2016-12-31,,446.6,10.08968,5705,,,4368,4370,2016-12-31,5705,1335,,,13804,53296,
PRU,2015,2015-12-31,,460.4,12.39458,7769,,,5642,5697,2015-12-31,7769,2072,,,13124,49491,
PRU,2014,2014-12-31,,467.7,3.30032,1759,,,1381,1410,2014-12-31,1759,349,,,14523,52402,
PRU,2013,2013-12-31,,463,-1.19,-1684,,,-667,-626,2013-12-31,-1684,-1058,,,13061,43344,
PRU,2012,2012-12-31,,473,1.44,676,,,469,472,2012-12-31,676,204,,,14774,84476,
PRU,2011,2011-12-31,,491,8.09,5117,,,3666,3518,2011-12-31,5117,1599,,,15830,44463,
PRU,2010,2010-12-31,,477,6.78,4422,,,3195,3112,2010-12-31,4422,1310,,,11498,34724,
PRU,2009,2009-12-31,,448,11.32,1569,,,3124,1548,2009-12-31,1569,21,,,10289,32813,
PRU,2008,2008-12-31,,430,1.1,-1118,,,-1073,-657,2008-12-31,-1118,-461,,,11527,32768,
PRU,2007,2007-12-31,,468,6.62,4686,,,3704,3441,2007-12-31,4686,1245,,,11744,29102,
PRU,2006,2006-12-31,,494,5.25,4403,,,3428,3155,2006-12-31,4403,1248,,,10885,27311,
PRU,2005,2005-12-31,,521,4.33,4471,,,3540,3602,2005-12-31,4471,869,,,10698,25862,
PRU,2004,2004-12-31,,531,2.48,3287,,,2256,2332,2004-12-31,3287,955,,,9831,24335,
PRU,2003,2003-12-31,,548,2.33,1958,,,1264,1308,2003-12-31,1958,650,,,10204,25679,
PRU,2002,2002-12-31,,578,2.88,64,,,194,256,2002-12-31,64,-192,,,11107,27969,
PRU,2001,2001-12-31,,580,0.77,-227,,,-154,-170,2001-12-31,-227,-57,,,12260,28109,
PRU,2000,2000-12-31,,544,1.33,727,,,398,321,2000-12-31,727,406,,,12807,26105,
PRU,1999,1999-12-31,,544,1.39,2255,,,813,1213,1999-12-31,2255,1042,,,12101,23389,
PRU,1998,1998-12-31,,544,-0.14,2597,,,1106,1627,1998-12-31,2597,970,,,11514,21786,
PRU,1997,1997-12-31,,544,-0.82,1370,,,610,963,1997-12-31,1370,407,,,10947,22935,
PRU,1996,1996-12-31,,544,0.67,1540,,,1078,1360,1996-12-31,1540,180,,,10580,23922,
PEG,2019,2019-12-31,,507,4.02765,1943,,-222,1693,1693,2019-12-31,1950,257,,10076,,8133,229
PEG,2018,2018-12-31,,507,2.83629,2298,,-534,1438,1438,2018-12-31,1855,417,,9696,,7398,91
PEG,2017,2017-12-31,,507,1.63511,1429,,-177,1574,829,2017-12-31,1268,439,,9094,,7665,16
PEG,2016,2016-12-31,,508,1.74606,1598,,-315,887,887,2016-12-31,1298,411,,8966,,7368,15
PEG,2015,2015-12-31,,508,3.37048,2909,,-265,1679,1679,2015-12-31,2680,1001,,10415,,7506,36
PEG,2014,2014-12-31,,508,3.01252,2603,,-164,1518,1518,2014-12-31,2456,938,,10886,,8283,17
PEG,2013,2013-12-31,,508,2.46,2287,,-250,1243,1243,2013-12-31,2055,812,,9968,,7681,18
PEG,2012,2012-12-31,,507,2.54,2260,,-257,1275,1275,2012-12-31,2011,736,,9781,,7521,8
PEG,2011,2011-12-31,,507,2.76,2720,,-325,1503,1407,2011-12-31,2384,977,,11079,,8359,-11
PEG,2010,2010-12-31,,507,3.12,2926,,-323,1564,1557,2010-12-31,2616,1059,,11793,,8867,13
PEG,2009,2009-12-31,,507,3.24,3060,,-488,1592,1592,2009-12-31,2636,1044,,12406,,9346,86
PEG,2008,2008-12-31,,508,1.96,2613,,-557,1188,983,2008-12-31,1909,926,,13322,,10709,-120
PEG,2007,2007-12-31,,509,2.61,2973,,-613,1335,1319,2007-12-31,2379,1060,,12853,,9880,19
PEG,2006,2006-12-31,,505,1.88,1815,,-688,739,752,2006-12-31,1206,454,,12164,,10349,79
PEG,2005,2005-12-31,,489,1.76,1954,,-685,661,858,2005-12-31,1399,541,,12430,,10476,130
PEG,2004,2004-12-31,,477,1.51,1821,,-733,726,721,2004-12-31,1167,446,,10996,,9175,79
PEG,2003,2003-12-31,,458,1.86,1965,,-722,1160,852,2003-12-31,1316,464,,11116,,9151,73
PEG,2002,2002-12-31,,418,1.74,1526,,-783,245,416,2002-12-31,664,248,,8390,,6864,-79
PEG,2001,2001-12-31,1596,416,1.83,1892,,-705,770,763,2001-12-31,1136,373,,8852,,6327,-51
PEG,2000,2000-12-31,1471,430,1.78,1889,,-574,764,764,2000-12-31,1254,490,,6054,,3488,-61
PEG,1999,1999-12-31,1107,440,1.64,1837,,-490,-81,723,1999-12-31,1286,563,,5890,,3553,-61
PEG,1998,1998-12-31,970,462,1.39,1606,,-481,644,644,1998-12-31,1064,420,,5590,,3355,-74
PEG,1997,1997-12-31,1101,464,1.21,1444,,-470,563,563,1997-12-31,892,329,,6125,,3825,-102
PEG,1996,1996-12-31,1118,485,1.21,1347,,-453,644,620,1996-12-31,910,290,,5825,,3576,-2
PEG,1995,1995-12-31,962,489,1.35,1512,,-496,712,712,1995-12-31,1066,354,,5707,,3690,13
PEG,1994,1994-12-31,1024,489,1.39,1477,,-496,721,721,1994-12-31,1034,313,,5512,,3415,19
PEG,1993,1993-12-31,,481,1.35,1421,,-482,639,634,1993-12-31,947,314,,5290,,4288,8
PEG,1992,1992-12-31,,465,1.09,1188,,-506,536,536,1992-12-31,758,222,,4994,,4169,76
PEG,1991,1991-12-31,,447,2.2,1264,,-447,573,573,1991-12-31,839,265,,4808,,3829,22
PEG,1990,1990-12-31,,424,2.36,1182,,-430,571,571,1990-12-31,780,208,,4569,,3618,28
PEG,1989,1989-12-31,,414,2.43,1148,,-395,571,571,1989-12-31,779,208,,4642,,3657,26
PEG,1988,1988-12-31,,411,2.4,1004,,-335,560,560,1988-12-31,722,162,,4294,,3391,52
PEG,1987,1987-12-31,,408,1.31,1114,,-318,559,559,1987-12-31,851,292,,4180,,3097,55
PEG,1986,1986-12-31,,399,1.06,948,,-239,430,430,1986-12-31,701,271,,4481,,3550,-9
PEG,1985,1985-12-31,,367,1.18,911,,-221,460,460,1985-12-31,733,273,,4409,,3517,43
PEG,1984,1984-12-31,,218,2.14,873,,-227,487,487,1984-12-31,750,263,,4196,,3335,105
PSA,2019,2019-12-31,796.783,174.53,7.29059,1465.139,2050.04,60.171,1520.534,1525.651,2019-12-31,1525.651,,,2846.823,71.983,584.901,
PSA,2018,2018-12-31,739.722,174.297,7.45498,1563.808,2014.558,115.512,1711.031,1717.223,2018-12-31,1717.223,,,2754.28,118.72,450.75,0
PSA,2017,2017-12-31,707.978,174.151,6.71939,1423.142,1960.55,31.691,1442.217,1448.465,2017-12-31,1448.465,,,2668.528,82.882,537.408,-7.789
PSA,2016,2016-12-31,669.083,173.878,6.80471,1374.496,1891.466,85.254,1453.576,1460.439,2016-12-31,1460.439,,,2560.549,83.656,516.9700000000001,
PSA,2015,2015-12-31,635.502,173.51,5.96246,1232.009,1746.194,67.177,1311.244,1317.689,2015-12-31,1317.689,,,2381.696,88.177,514.185,
PSA,2014,2014-12-31,613.324,173.138,5.23107,1055.399,1563.972,92.077,1144.204,1149.955,2014-12-31,1149.955,,,2177.296,71.459,508.573,0
PSA,2013,2013-12-31,565.2,172.7,4.87,962.5,1416.6,90.8,1052.5,1057.5,2013-12-31,1057.5,0,,1981.7,66.7,454,
PSA,2012,2012-12-31,540.1,171.7,3.82,872,1286.6,56.7,939.3,930.2,2012-12-31,930.2,0,,1826.7,56.8,414.6,
PSA,2011,2011-12-31,543,170.8,3.23,834,1209.1,,823.8,834,2011-12-31,834,0,,1752.1,52.4,375.1,
PSA,2010,2010-12-31,530,169.8,2.32,692.1,1116.7,-3.9,672,688.6,2010-12-31,688.6,0,,1646.7,38.5,424.6,
PSA,2009,2009-12-31,522.9,168.8,3.3,703,1104.8,62.9,834.6,799.3,2009-12-31,799.3,0,,1627.7,35.7,401.80000000000007,
PSA,2008,2008-12-31,580.6,168.9,2.21,643.6,1165,-5,935.2,975.1,2008-12-31,975.1,0,,1745.6,62.8,521.4,
PSA,2007,2007-12-31,659.9,170.1,1.14,413.3,1156.5,71.2,457.5,487.1,2007-12-31,487.1,0,,1816.4,59.7,743.1,
PSA,2006,2006-12-31,500.6,143.7,0.3,325.4,881.1,16.2,314,343.7,2006-12-31,343.7,0,,1381.7,84.7,555.6999999999999,
PSA,2005,2005-12-31,378.6,128.8,1.92,454.7,682.3,24.9,456.4,482.7,2005-12-31,482.7,0,,1061,21.1,227.69999999999993,
PSA,2004,2004-12-31,330.5,128.7,1.39,393.5,597.4,22.6,366.2,417.4,2004-12-31,417.4,0,,928,18.8,204,
PSA,2003,2003-12-31,318.5,126.5,1.26,352.6,556.6,25,336.7,377.5,2003-12-31,377.5,0,,875.1,17.1,204,
PSA,2002,2002-12-31,295.5,124.6,1.3,346.9,545.9,29.9,318.7,376.8,2002-12-31,376.8,0,,841.5,15.6,199.10000000000002,
PSA,2001,2001-12-31,276.2,123.6,1.48,366.1,558.5,,324.2,370.2,2001-12-31,370.2,0,,834.6,21,192.3,
PSA,2000,2000-12-31,252.1,131.7,1.38,331.7,505.2,,297.1,335.4,2000-12-31,335.4,0,,757.3,21.3,173.6,
PSA,1999,1999-12-31,216.8,126.7,1.51,301.7,459.9,,287.9,303.9,1999-12-31,303.9,0,,676.7,12.5,158.2,
PSA,1998,1998-12-31,213.9,114.4,1.3,247.3,368.3,,227,247.3,1998-12-31,247.3,0,,582.2,9,120.9,
PSA,1997,1997-12-31,176,99,0.91,190.3,294.9,,178.6,190.3,1997-12-31,190.3,0,,470.8,6.4,104.5,
PSA,1996,1996-12-31,99.2,77.4,1.1,162.9,241.9,,153.5,162.9,1996-12-31,162.9,0,,341.1,5.5,78.99999999999999,
PSA,1995,1995-12-31,72.7,41.2,0.95,77.5,140,,70.4,77.5,1995-12-31,77.5,0,,212.7,13.2,62.39999999999999,
PSA,1994,1994-12-31,52.8,24.1,1.05,51.6,94.4,,42.1,51.6,1994-12-31,51.6,0,,147.2,7.6,42.8,
PSA,1993,1993-12-31,42.1,17.6,0.98,35.3,72.6,,28,35.3,1993-12-31,35.3,0,,114.7,6.2,37.300000000000004,
PSA,1992,1992-12-31,24.9,16,0.85,18.2,44.4,,15.1,18.9,1992-12-31,18.9,0,,69.3,4,26.200000000000003,
PSA,1991,1991-12-31,14.2,14.8,0.81,14.1,35.8,,12,14.1,1991-12-31,14.1,0,,50,4.1,21.599999999999998,
PSA,1990,1990-12-31,6.7,11.6,0.94,11.9,26.5,,12,13,1990-12-31,13,0,,33.3,3.4,14.7,
PSA,1989,1989-12-31,3.6,10.9,0.89,9.8,24.3,,11.1,11.5,1989-12-31,11.5,0,,27.9,3.3,14.500000000000002,
PSA,1988,1988-12-31,7.2,10.9,0.96,11.6,28.2,,11.6,13,1988-12-31,13,0,,35.4,3.3,16.7,
PSA,1987,1987-12-31,3.9,10.4,1.01,10.5,24.5,,10.5,10.5,1987-12-31,10.5,0,,28.4,3.5,13.999999999999998,
PSA,1986,1986-12-31,2.7,11,0.86,10,20.4,,12,12,1986-12-31,12,0,,23.2,2.5,10.399999999999999,
PSA,1985,1985-12-31,2.4,7.8,1.01,6.7,16.9,,6.7,6.7,1985-12-31,6.7,0,,19.3,1.9,10.2,
PSA,1984,1984-12-31,2.2,4.1,1.33,4.4,10.2,,4.4,4.4,1984-12-31,4.4,0,,12.5,1.3,5.8999999999999995,
PSA,1983,1983-12-31,2,2.8,1.11,2.8,6.6,,2.8,2.8,1983-12-31,2.8,0,,8.6,1,3.8,
PHM,2019,2019-12-31,7815.568,275.297,3.70527,1339.576,2397.389,,1016.7,1016.7,2019-12-31,1339.576,322.876,,10212.957,1044.337,1057.8129999999992,
PHM,2018,2018-12-31,7814.919,284.865,3.59449,1347.54,2373.412,,1022.023,1022.023,2018-12-31,1347.54,325.517,,10188.331,1012.023,1025.8719999999994,
PHM,2017,2017-12-31,6714.89,306.814,2.03187,938.828,1858.36,,447.221,619.321,2017-12-31,938.828,319.507,,8573.25,891.581,919.5319999999992,
PHM,2016,2016-12-31,5728.662,342.123,1.80348,933.85,1939.814,,602.703,602.703,2016-12-31,933.85,331.147,,7668.476,957.15,1005.9639999999999,
PHM,2015,2015-12-31,4558.798,359.793,1.37701,816.023,1423.166,,494.09,494.09,2015-12-31,816.023,321.933,,5981.964,589.78,607.143,
PHM,2014,2014-12-31,4438,374,1.3,686,1384,4,474,474,2014-12-31,690,215,,5822,668,698,1
PHM,2013,2013-12-31,4507,387,6.78,523,1172,5,2620,2620,2013-12-31,528,-2092,,5680,569,650,35
PHM,2012,2012-12-31,4064,385,0.66,175,756,8,206,206,2012-12-31,184,-23,,4820,514,581,12
PHM,2011,2011-12-31,3641,380,-0.02,-310,495,,-210,-210,2011-12-31,-310,-100,,4137,520,806,14
PHM,2010,2010-12-31,4176,379,-1.29,-1235,393,,-1097,-1097,2010-12-31,-1235,-138,,4569,895,1628,0
PHM,2009,2009-12-31,4658,300,-2.28,-1944,-574,,-1151,-1151,2009-12-31,-1944,-793,,4084,672,1370,-2
PHM,2008,2008-12-31,6446,254,-1.78,-1688,-183,6,-1473,-1473,2008-12-31,-1683,-209,,6263,,1532,0
PHM,2007,2007-12-31,9734,252,-3.77,-2497,-477,0,-2256,-2274,2007-12-31,-2497,-222,,9256,,2026,0
PHM,2006,2006-12-31,12823,259,3.54,1050,1447,1,687,690,2006-12-31,1083,393,,14270,,401,32
PHM,2005,2005-12-31,12396,263,5.47,2202,2294,75,1492,1437,2005-12-31,2277,840,,14690,,97,1
PHM,2004,2004-12-31,10078,260,3.84,1540,1633,60,987,998,2004-12-31,1601,603,,11711,,93,92
PHM,2003,2003-12-31,7069,251,2.45,957,1980,39,625,617,2003-12-31,996,378,,9049,954,1023,19
PHM,2002,2002-12-31,5870,247,1.8,716,1602,12,454,445,2002-12-31,729,284,,7472,768,885,23
PHM,2001,2001-12-31,4247,201,1.5,487,1135,5,301,302,2001-12-31,492,189,,5382,542,648,25
PHM,2000,2000-12-31,3340,169,1.3,350,819,5,189,218,2000-12-31,355,137,,4159,405,469,0
PHM,1999,1999-12-31,3024,175,1.02,280,706,7,178,178,1999-12-31,286,108,,3730,353,427,17
PHM,1998,1998-12-31,2701,176,0.58,166,166,0,102,101,1998-12-31,166,65,,2867,,0,
PHM,1997,1997-12-31,2423,176,0.35,81,101,,53,50,1997-12-31,81,31,,2524,,20,
PHM,1996,1996-12-31,2282,201,0.32,102,102,,180,63,1996-12-31,102,39,,2384,,0,
PHM,1995,1995-12-31,1947,219,0.22,82,82,,58,49,1995-12-31,82,33,,2029,0,0,0
PHM,1994,1994-12-31,1652,223,0.28,104,104,,163,62,1994-12-31,104,41,,1756,0,0,0
PHM,1993,1993-12-31,1519,223,0.35,113,113,,79,78,1993-12-31,113,36,,1633,,0,
PHM,1992,1992-12-31,1292,222,0.33,78,78,,70,72,1992-12-31,78,6,,1370,0,0,0
PHM,1991,1991-12-31,1082,199,0.21,45,132,,41,43,1991-12-31,45,2,,1214,83,87,0
PHM,1990,1990-12-31,1019,201,0.15,32,133,,30,30,1990-12-31,32,2,,1152,85,101,0
PHM,1989,1989-12-31,995,213,0.26,52,143,,54,56,1989-12-31,52,-4,,1138,91,91,
PHM,1988,1988-12-31,1033,211,0.15,43,146,,33,33,1988-12-31,43,10,,1179,103,103,0
PHM,1987,1987-12-31,1038,210,0.05,12,111,,37,8,1987-12-31,12,5,,1149,99,99,0
PHM,1986,1986-12-31,1070,211,0.11,41,172,,21,21,1986-12-31,41,20,,1242,125,131,0
PHM,1985,1985-12-31,978,211,0.12,46,157,,24,24,1985-12-31,46,23,,1134,108,110,0
PHM,1984,1984-12-31,732,212,0.08,11,107,,17,7,1984-12-31,14,7,,839,96,96,3
PHM,1983,1983-12-31,689,232,0.22,78,175,,49,42,1983-12-31,81,39,,863,97,96,3
PVH,2020,2020-02-02,4520.6,74.6,8.96377,558.7,5388.4,-114.7,417.3,415.1,2020-02-02,444,28.9,,9909,4603.4,4829.699999999999,
PVH,2019,2019-02-03,4348.5,77.3,10.32337,891.7,5308.3,-116.1,746.4,719.9,2019-02-03,775.6,55.7,,9656.8,4413.4,4416.6,
PVH,2018,2018-02-04,4020.4,78.6,5.79448,632.4,4894.4,-122.2,537.8,362.4,2018-02-04,510.2,147.8,,8914.8,4231.8,4262,
PVH,2017,2017-01-29,3832.8,80.9,6.32943,789.2,4370.3,-115,549,548.7,2017-01-29,674.2,125.5,,8203.1,3626.3,3581.0999999999995,
PVH,2016,2016-01-31,3858.7,83.1,7.33488,760.5,4161.6,-113,572.4,572.4,2016-01-31,647.5,75.1,,8020.3,3380.4,3401.1000000000004,
PVH,2015,2015-02-01,3914.5,83.3,6.57791,529.9,4326.7,-138.5,439,438.9,2015-02-01,391.4,-47.5,,8241.2,3613.8,3796.8,
PVH,2014,2014-02-02,3967.1,82.6,2.29,513.5,4219.3,-184.7,143.5,143.5,2014-02-02,328.8,185.3,,8186.4,3608.8,3705.7999999999997,
PVH,2013,2013-02-03,2793.8,73.9,6.55,660.4,3249.2,-117.3,433.8,433.8,2013-02-03,543.1,109.3,,6043,2531.2,2588.8,
PVH,2012,2012-01-29,2834.7,72.9,6.48,559.7,3055.9,-128.1,317.9,317.9,2012-01-29,431.6,113.7,,5890.6,2481.4,2496.3,0
PVH,2011,2011-01-30,2214.9,67.4,4.77,343.9,2422,-126.8,53.8,53.8,2011-01-30,76.6,22.8,,4636.8,2071.4,2078.1,-140.5
PVH,2010,2010-01-31,1216.1,52.5,4.36,243.8,1182.6,-32.2,161.9,161.9,2010-01-31,211.6,49.7,,2398.7,938.8,938.8000000000002,0
PVH,2009,2009-02-01,1291.3,52.2,2.24,173.7,1200.7,-27.4,91.8,91.8,2009-02-01,146.3,54.5,,2491.9,1028.8,1026.8999999999999,0
PVH,2008,2008-02-03,1234.2,57.1,3.41,311.8,1191,-17,183.3,183.3,2008-02-03,294.8,111.5,,2425.2,882.5,879.1000000000001,
PVH,2007,2007-02-04,1060.8,53.5,2.64,265.3,1029.9,-16.9,155.2,155.2,2007-02-04,248.4,93.2,,2090.6,796.6,764.5,
PVH,2006,2006-01-29,1017.8,51.7,1.85,206.8,891.1,-28.6,111.7,111.7,2006-01-29,178.3,66.6,,1908.8,684.2,684.2,
PVH,2005,2005-01-30,890.4,51.6,1.14,129.9,751,-42.9,58.6,58.6,2005-01-30,87,28.4,,1641.4,621.9,621.1,
PVH,2004,2004-02-01,924.5,30.3,-0.18,59.3,657.5,-36.4,14.7,14.7,2004-02-01,22.9,8.2,,1582,601.8,598.2,
PVH,2003,2003-02-02,873.7,28.2,1.08,69,531.2,-22.7,30.4,30.4,2003-02-02,46.3,15.9,,1405,462.2,462.20000000000005,
PVH,2002,2002-02-03,925.7,28,0.86,41.1,506.2,-24.5,10.7,10.7,2002-02-03,16.7,6,,1431.9,444.1,465.0999999999999,
PVH,2001,2001-02-04,950.2,27.4,1.1,70.5,505.4,-22.3,30.1,30.1,2001-02-04,48.2,18.1,,1455.5,434.8,434.79999999999995,
PVH,2000,2000-01-30,820.5,27.3,0.82,48.3,451,-22.4,16.9,16.9,2000-01-30,25.9,9,,1271.5,394.2,402.70000000000005,
PVH,1999,1999-01-31,856.2,27.3,0.7,43.5,446.9,-26.1,11.8,12.9,1999-01-31,17.4,4.5,,1303.1,394.9,403.39999999999986,
PVH,1998,1998-02-01,938,27.1,-0.38,-87.2,412,-20.7,-66.6,-66.6,1998-02-01,-107.8,-41.2,,1350,412.5,499.20000000000005,
PVH,1997,1997-02-02,910.5,27.2,0.68,47.7,449.1,-23.2,18.5,18.5,1997-02-02,24.6,6,,1359.6,401.3,401.4000000000001,
PVH,1996,1996-01-28,987.9,27,0.66,20.6,476.2,-23.2,0.3,0.3,1996-01-28,-2.6,-2.9,,1464.1,428.6,455.69999999999993,0
PVH,1995,1995-01-29,845.7,27.2,1.31,49.7,409.8,-12.8,30,30,1995-01-29,36.9,6.9,,1255.5,353.1,360.0999999999999,0
PVH,1994,1994-01-31,747.6,27.1,1.6,80.3,404.8,-16.7,31.9,43.3,1994-01-31,63.6,20.4,,1152.4,324.5,324.4999999999999,0
PVH,1993,1993-01-31,657,25.3,1.51,70.2,385.5,-15.7,37.9,37.9,1993-01-31,54.5,16.6,,1042.6,311.7,315.4,0
PVH,1992,1992-02-03,583.4,19.9,1.15,62,320.7,-16.7,31.1,31.1,1992-02-03,44,12.9,,904.1,258.7,258.70000000000005,-1.3
PVH,1991,1991-01-31,527.8,19.1,0.95,56.2,278.5,-18.9,26.4,26.4,1991-01-31,35.2,8.8,,806.3,222.3,222.30000000000007,-2.1
PVH,1990,1990-01-28,491.8,19.1,0.84,52.4,241.2,-17.6,24.2,24.2,1990-01-28,32.7,8.5,,732.9,188.8,188.8,-2.1
PVH,1989,1989-01-29,438.2,18.6,0.68,45.7,202.9,-16.1,20.7,20.8,1989-01-29,27.4,6.6,,641,157.2,157.09999999999997,-2.2
PVH,1988,1988-01-31,350.4,26.3,0.66,39.5,149.7,-6.2,30,21.3,1988-01-31,36,14.7,,500,110.2,110.10000000000002,2.7
PVH,1987,1987-02-01,349.9,31,0.65,43.7,164.5,-4.3,20.1,20.1,1987-02-01,38.5,18.4,,514.4,120.8,120.80000000000001,-0.9
PVH,1986,1986-02-02,294.8,31.5,0.39,30.3,102.6,-7,15.9,12.3,1986-02-02,22.1,9.8,,397.5,72.3,72.39999999999998,-1.1
PVH,1985,1985-02-03,425.9,31.4,0.49,35.8,164.9,-10.6,15.3,15.3,1985-02-03,26.5,11.2,,590.8,129.1,129.10000000000002,1.3
PVH,1984,1984-01-29,354.2,31.3,0.55,35.9,151.6,-5.8,17.3,17.3,1984-01-29,31.2,14,,505.9,115.7,115.69999999999999,1.1
PVH,1983,1983-01-29,328.4,31.1,0.28,23.5,126.5,-7.9,8.8,8.8,1983-01-29,14.9,6.2,,455,103,103,-0.7
QRVO,2020,2020-03-28,1882.952,119.293,4.40065,333.016,1356.189,-50.526,334.325,334.325,2020-03-28,395.089,60.764,484.414,3239.141,343.569,1023.173,112.599
QRVO,2019,2019-03-30,1895.142,127.356,1.06213,216.466,1195.183,-35.092,133.125,116.125,2019-03-30,91.792,-24.333,450.482,3090.325,476.074,978.7169999999999,-89.582
QRVO,2018,2018-03-31,1826.57,126.946,0.71767,70.282,1146.966,-55.331,-40.288,37.012,2018-03-31,17.145,-19.867,445.103,2973.536,527.751,1076.684,2.194
QRVO,2017,2017-04-01,1897.062,127.121,0.00041,88.059,1135.512,-60.867,-16.558,-16.558,2017-04-01,27.305,43.863,470.836,3032.574,545.588,1047.453,0.113
QRVO,2016,2016-04-02,1561.173,141.937,-0.02033,11.968,1049.553,-21.948,-28.845,-28.845,2016-04-02,-2.862,25.983,448.763,2610.726,534.099,1037.5849999999998,7.118
QRVO,2015,2015-03-28,1021.658,93.211,3.12143,122.466,689.308,-1.171,196.303,196.303,2015-03-28,121.241,-75.062,257.494,1710.966,249.886,566.842,-0.054
QRVO,2014,2014-03-29,743.3,72,0.29,27.3,404.9,-5.8,12.6,12.6,2014-03-29,23.9,11.2,197.3,1148.2,151.4,377.60000000000014,2.3
QRVO,2013,2013-03-30,658.3,69.7,-0.58,-18.4,305.8,-7.5,-53,-53,2013-03-30,-25.9,27.1,178.8,964.1,132.9,324.30000000000007,0
QRVO,2012,2012-03-31,582.6,70.6,0.01,23.7,288.8,-9.6,0.9,0.9,2012-03-31,15.6,14.8,151.7,871.4,113.3,265,1.5
QRVO,2011,2011-04-02,662.1,70.1,1.81,137.1,389.7,-14.3,124.6,124.6,2011-04-02,123.5,-1.1,141.1,1051.8,107.5,252.5,0.7
QRVO,2010,2010-04-03,623.2,72.4,1.02,107.9,355.2,-23.2,71,71,2010-04-03,84.8,13.8,139,978.4,104.9,247.19999999999993,0.1
QRVO,2009,2009-03-28,669.2,65.6,-6.87,-854.9,217.3,-23.8,-887.9,-887.9,2009-03-28,-880,7.9,170.8,886.5,115.3,1072.2,-1.3
QRVO,2008,2008-03-29,681.3,56.8,-0.06,-50.9,275,4.5,-3.4,-3.4,2008-03-29,-42.5,-39.1,207.4,956.3,99.4,325.9000000000001,3.9
QRVO,2007,2007-03-31,666.8,56.6,2.12,80.6,356.9,4.7,83.4,83.4,2007-03-31,86.4,3,185,1023.6,91.2,276.20000000000005,1.1
QRVO,2006,2006-03-31,501.2,48.2,0.34,18.7,269,0.2,16.3,16.3,2006-03-31,20.2,3.9,168.9,770.2,81.7,250.3,1.3
QRVO,2005,2005-04-02,417.1,46.7,-1.41,-61.3,217.1,-4.2,-66,-66,2005-04-02,-65.5,0.6,156.5,634.2,72.5,278.4,0.1
QRVO,2004,2004-04-03,405,53.3,0.7,42.1,246.4,-12.2,29.7,29.7,2004-04-03,30.2,0.5,128.2,651.4,66.4,204.29999999999995,0.4
QRVO,2003,2003-03-29,325.2,43.2,-0.22,11.8,182.7,-18.9,-9.3,-9.3,2003-03-29,-9.1,0.3,101.7,507.8,55.2,170.90000000000003,-2
QRVO,2002,2002-03-30,249,41.5,-0.39,-18.2,120.3,-5,-20.6,-20.6,2002-03-30,-27.4,-6.8,74.4,369.3,43.2,138.5,-4.2
QRVO,2001,2001-03-31,181.8,43.3,0.81,46.7,153.6,5.7,35,35,2001-03-31,52.4,17.4,60.3,335.4,41.9,106.89999999999998,0
QRVO,2000,2000-03-25,152.7,42.9,1.17,73.2,136.2,4,50.1,50.1,2000-03-25,77.1,27,33.3,289,29.7,63.10000000000002,-0.2
QRVO,1999,1999-03-27,99.3,36.9,0.53,23.8,53.5,0.8,19.6,19.6,1999-03-27,24.5,4.9,14.2,152.9,15.5,29.799999999999997,-0.1
QRVO,1998,1998-03-28,29.2,27,-0.02,-1.4,16.1,-0.2,-0.5,-0.5,1998-03-28,-0.5,0,8.8,45.4,8.7,17.599999999999998,1.1
QRVO,1997,1997-03-31,15.8,24.1,0.07,1.6,13,-0.4,1.7,1.7,1997-03-31,1.8,0.1,6.2,28.8,5.2,11.399999999999999,0.5
QRVO,1996,1996-03-31,7.5,21.7,-0.24,-5.2,2,-0.1,-5.2,-5.2,1996-03-31,-5.2,0,4.2,9.5,3,7.300000000000001,0.1
QRVO,1995,1995-03-31,1.2,17.5,-0.24,-4.2,0.5,0,-4.1,-4.1,1995-03-31,-4.1,0,2.8,1.7,1.8,4.7,0.1
QRVO,1994,1994-03-31,0.7,11,-0.26,-2.8,0.3,-0.1,-2.8,-2.8,1994-03-31,-2.8,0,1.6,1,1.5,3.0999999999999996,0
QRVO,1993,1993-03-31,0.1,8.8,-0.22,-1.9,0.2,0,-1.9,-1.9,1993-03-31,-1.9,0,1.2,0.3,0.9,2.1,0
QCOM,2020,2020-09-27,9255,1149,3.39829,5850,12476,-131,5198,5198,2020-09-27,5719,521,5975,21731,2074,6626,
QCOM,2019,2019-09-29,8599,1220,1.60027,7532,10974,-51,4386,4386,2019-09-29,7481,3095,5398,19573,2195,3442,
QCOM,2018,2018-09-30,10244,1463,-1.65605,546,12367,-154,-4964,-4521,2018-09-30,392,4913,5625,22611,2986,11821,
QCOM,2017,2017-09-24,9792,1490,2.69473,2404,12466,583,2445,2444,2017-09-24,2987,543,5485,22258,2658,10062,
QCOM,2016,2016-09-25,9315,1498,3.92762,6315,14239,518,5705,5702,2016-09-25,6833,1131,5141,23554,2213,7924,
QCOM,2015,2015-09-27,10106,1639,3.6089,5596,15175,891,5271,5268,2015-09-27,6487,1219,5476,25281,2272,9579,
QCOM,2014,2014-09-28,10435,1714,4.64,7381,16052,1397,7967,7534,2014-09-28,8778,1244,5447,26487,2265,8671,484
QCOM,2013,2013-09-29,9820,1754,4.1,7157,15046,1037,6853,6845,2013-09-29,8194,1349,4967,24866,2518,7889,
QCOM,2012,2012-09-30,7096,1741,3.15,5599,12025,963,6109,5283,2012-09-30,6562,1279,3915,19121,2324,6426,
QCOM,2011,2011-09-25,4877,1691,2.78,4974,10080,713,4260,4555,2011-09-25,5687,1132,2995,14957,1945,5106,
QCOM,2010,2010-09-26,3301,1658,2.18,3602,7681,891,3247,3520,2010-09-26,4493,973,2451,10982,1503,4079,
QCOM,2009,2009-09-27,3025,1673,1.86,1779,7362,624,1592,1792,2009-09-27,2403,611,2345,10387,1462,5583,
QCOM,2008,2008-09-28,3414,1660,2.17,3195,7728,631,3160,3160,2008-09-28,3826,666,2281,11142,1717,4533,
QCOM,2007,2007-09-30,2681,1693,1.97,2856,6190,770,3303,3303,2007-09-30,3626,323,1829,8871,1478,3334,
QCOM,2006,2006-09-24,2182,1711,1.45,2666,5344,490,2470,2470,2006-09-24,3156,686,1538,7526,1116,2678,
QCOM,2005,2005-09-25,1645,1694,1.27,2386,4028,423,2143,2143,2005-09-25,2809,666,1011,5673,631,1642,
QCOM,2004,2004-09-30,1484,1675,1.03,2129,3396,184,1720,1725,2004-09-30,2313,588,720,4880,568,1267,-26
QCOM,2003,2003-09-30,1268,1636,0.64,1573,2579,-8,827,1029,2003-09-30,1565,536,523,3847,471,1006,-30
QCOM,2002,2002-09-30,954,1619,0.47,840,1961,-218,360,525,2002-09-30,622,97,452,2915,401,1121,9
QCOM,2001,2001-09-30,1035,1512,0.02,39,1645,-494,-578,-560,2001-09-30,-456,105,415,2680,367,1606,51
QCOM,2000,2000-09-30,1507,1600,0.54,723,1690,426,622,622,2000-09-30,1149,527,340,3197,343,967,32
QCOM,1999,1999-09-30,2485,1300,0.16,405,1452,-98,201,201,1999-09-30,307,106,381,3937,425,1047,240
QCOM,1998,1998-09-30,2333,1183,0.1,243,1014,-94,109,109,1998-09-30,149,40,349,3348,409,772,5
QCOM,1997,1997-09-30,1518,1150,0.08,97,578,11,92,92,1997-09-30,108,17,236,2096,236,481,9
QCOM,1996,1996-09-30,536,1125,0.02,-7,278,34,21,21,1996-09-30,27,6,162,814,123,285,0
QCOM,1995,1995-09-30,213,921,0.03,21,173,19,30,30,1995-09-30,40,10,80,387,73,153,
QCOM,1994,1994-09-30,157,857,0.03,10,115,7,15,15,1994-09-30,17,2,50,272,42,105,
QCOM,1993,1993-09-30,101,773,0.02,12,68,1,12,12,1993-09-30,13,1,27,169,28,56,0
QCOM,1992,1992-09-27,65,625,-0.01,-2,42,-2,-4,-4,1992-09-27,-4,1,25,108,19,44,0
QCOM,1991,1991-09-29,60,502,-0.02,-7,30,-2,-8,-8,1991-09-29,-8,0,23,90,14,36,0
QCOM,1990,1990-09-28,45,473,-0.04,-16,2,-1,-17,-17,1990-09-28,-17,0,8,47,9,17,0
PWR,2019,2019-12-31,10511.901,147.534,2.79203,568.278,1600.252,-65.963,402.044,406.815,2019-12-31,572.287,165.472,,12112.153,955.991,1031.9740000000002,69.972
PWR,2018,2018-12-31,9691.459,154.226,2.0639,529.021,1479.964,-35.39,293.346,289.712,2018-12-31,457.666,167.954,,11171.423,857.574,950.9429999999993,-35.965
PWR,2017,2017-12-31,8224.618,157.155,1.81731,373.678,1241.86,-20.114,314.978,248.125,2017-12-31,353.757,105.632,,9466.478,777.92,868.1819999999989,0.193
PWR,2016,2016-12-31,6637.519,157.288,1.29643,320.813,1013.8,-13.443,198.383,200.44,2016-12-31,307.686,107.246,,7651.319,653.338,692.9870000000001,0.316
PWR,2015,2015-12-31,6648.771,195.12,0.78835,237.503,923.665,-6.997,310.907,131.203,2015-12-31,228.675,97.472,,7572.436,592.863,686.1620000000003,-1.831
PWR,2014,2014-12-31,6578.435,219.69,1.22547,429.06,1168.794,-1.361,296.714,287.592,2014-12-31,426.599,139.007,,7747.229,705.477,739.7339999999995,-1.1
PWR,2013,2013-12-31,5467,215,1.87,527,1055,113,402,421,2013-12-31,639,218,,6523,501,529,-1
PWR,2012,2012-12-31,4983,213,1.36,465,938,0,307,306,2012-12-31,465,159,,5920,435,472,0
PWR,2011,2011-12-31,4003,213,0.62,218,621,-1,133,144,2011-12-31,216,72,,4624,373,403,-1
PWR,2010,2010-12-31,3297,212,0.77,249,634,-3,153,156,2010-12-31,246,91,,3931,340,385,1
PWR,2009,2009-12-31,2725,201,0.81,242,593,-9,162,164,2009-12-31,234,70,,3318,312,351,0
PWR,2008,2008-12-31,3145,202,0.88,289,635,-8,167,167,2008-12-31,282,115,,3780,309,346,0
PWR,2007,2007-12-31,2227,167,0.87,169,429,-2,136,133,2007-12-31,167,34,,2656,241,260,-1
PWR,2006,2006-12-31,1815,118,0.45,78,316,-13,17,17,2006-12-31,65,48,,2131,183,238,0
PWR,2005,2005-12-31,1602,117,0.27,69,257,-17,30,30,2005-12-31,52,23,,1859,185,188,0
PWR,2004,2004-12-31,1445,114,-0.08,10,181,-25,-9,-9,2004-12-31,-13,-3,,1627,172,172,3
PWR,2003,2003-12-31,1443,111,-0.05,-18,200,-32,-35,-35,2003-12-31,-53,-18,,1643,177,218,-3
PWR,2002,2002-12-31,1514,63,-1.18,-156,237,-36,-620,-174,2002-12-31,-194,-20,,1751,226,392,-2
PWR,2001,2001-12-31,1601,78,1.43,193,414,-36,86,86,2001-12-31,157,71,,2015,195,221,0
PWR,2000,2000-12-31,1379,77,1.88,222,414,-26,106,106,2000-12-31,199,93,,1793,144,192,3
PWR,1999,1999-12-31,711,56,1.26,117,214,-15,54,54,1999-12-31,103,49,,926,80,98,1
PWR,1998,1998-12-31,249,28,0.65,31,60,-5,15,15,1998-12-31,27,12,,309,26,29,1
PWR,1997,1997-12-31,38,24,0.1,5,11,-1,2,2,1997-12-31,4,2,,49,7,7,0
PWR,1996,1996-12-31,36,24,0.03,2,7,-1,1,1,1996-12-31,1,0,,43,5,5,0
PWR,1995,1995-12-31,33,24,0.02,1,6,-1,1,1,1995-12-31,1,0,,39,4,5,0
PWR,1994,1994-12-31,37,24,0.05,3,7,0,1,1,1994-12-31,2,1,,44,5,4,0
PWR,1993,1993-12-31,23,24,0.02,1,4,,0,0,1993-12-31,1,0,,27,3,3,0
PWR,1992,1992-12-31,20,24,0.02,1,4,,1,1,1992-12-31,1,0,,24,3,3,0
DGX,2019,2019-12-31,5002,136,6.64956,1231,2724,-175,858,829,2019-12-31,1076,247,,7726,1403,1493,20
DGX,2018,2018-12-31,4870,139,5.88727,1101,2661,-167,736,730,2018-12-31,926,196,,7531,1359,1560,-8
DGX,2017,2017-12-31,4674,140,5.23304,1165,2728,-151,772,683,2017-12-31,1030,347,,7402,1383,1563,16
DGX,2016,2016-12-31,4576,142,4.34645,1277,2939,-143,645,657,2016-12-31,1086,429,,7515,1644,1662,-48
DGX,2015,2015-12-31,4625,145,3.50843,1399,2868,-130,709,753,2015-12-31,1126,373,,7493,1672,1469,-143
DGX,2014,2014-12-31,4616,145,4,983,2819,-138,556,587,2014-12-31,849,262,,7435,1705,1836,4
DGX,2013,2013-12-31,4299,153,3.83,1475,2847,-135,849,848,2013-12-31,1348,500,,7146,1655,1372,8
DGX,2012,2012-12-31,4313.2,160.1,4.37,1200.8,3069.4,-139.1,555.7,666.5,2012-12-31,1068.4,401.9,,7382.6,1680.6,1868.6000000000004,6.7
DGX,2011,2011-12-31,4395.3,160.2,4.08,995,3115.2,-138.1,470.6,507.2,2011-12-31,856.2,349,,7510.5,1761.8,2120.0999999999995,-0.7
DGX,2010,2010-12-31,4317.2,177.3,4.19,1295.5,3051.7,-110.8,720.9,758.8,2010-12-31,1184.3,425.5,,7368.9,1687.1,1756.1999999999998,-0.4
DGX,2009,2009-12-31,4321.5,187.8,3.9,1338,3133.8,-108.8,729.1,767.5,2009-12-31,1227.9,460.5,,7455.2,1747.6,1795.6999999999998,-1.3
DGX,2008,2008-12-31,4256.2,196,3.23,1222.4,2993.3,-181.7,581.5,632.2,2008-12-31,1019,386.8,,7249.4,1736.9,1770.9000000000005,-21.7
DGX,2007,2007-12-31,3969.8,195.3,2.86,1091.3,2735.1,-177.9,339.9,553.8,2007-12-31,912.4,358.6,,6704.9,1612.9,1643.8000000000002,-1.1
DGX,2006,2006-12-31,3696,199.5,3.14,1128.1,2572.7,-86.9,586.4,625.7,2006-12-31,1033.3,407.6,,6268.7,1410.7,1444.6000000000004,-7.9
DGX,2005,2005-12-31,3257.3,205.5,2.66,968.1,2246.4,-50.8,546.3,546.3,2005-12-31,910.5,364.2,,5503.7,1257.8,1278.3000000000002,-6.9
DGX,2004,2004-12-31,2990.7,214.1,2.35,891.2,2135.9,-56.3,499.2,499.2,2004-12-31,835.1,335.9,,5126.6,1227.7,1244.6999999999998,0.2
DGX,2003,2003-12-31,2768.6,217.6,2.02,796.5,1969.3,-60,436.7,436.7,2003-12-31,737.8,301.1,,4738,1165.7,1172.9,1.3
DGX,2002,2002-12-31,2432.4,199.6,1.61,542.4,1675.7,,322.2,322.2,2002-12-31,542.4,220.2,,4108.1,1074.8,1133.2999999999997,-18.5
DGX,2001,2001-12-31,2151.6,195.2,0.96,332.6,1476.2,,162.3,183.9,2001-12-31,332.6,148.7,,3627.8,1018.7,1143.6,-7.7
DGX,2000,2000-12-31,2056.2,188.6,0.56,201,1364.9,,102.1,104.9,2000-12-31,201,96,,3421.2,1001.4,1164,-7.7
DGX,1999,1999-12-31,1380,140.1,0.33,14.4,825.3,,-3.4,-1.3,1999-12-31,14.4,15.7,,2205.2,643.4,810.9000000000001,-2.6
DGX,1998,1998-12-31,861,120.9,0.22,53.9,597.6,,26.9,26.9,1998-12-31,53.9,27,,1458.6,481.6,543.7,7
DGX,1997,1997-12-31,927.9,116.8,0.08,-19.1,600.8,,-22.3,-22.3,1997-12-31,-19.1,3.2,,1528.7,502.1,619.9,4.1
DGX,1996,1996-12-31,1010.9,115.3,-1.66,-676.2,605.4,,-626,-626,1996-12-31,-676.2,-50.2,,1616.3,495.3,1281.6,1.2
DGX,1995,1995-12-31,980.2,115.6,-0.17,-57.6,649.2,,-52.1,-52.1,1995-12-31,-57.6,-5.5,,1629.4,523.3,706.8,6.2
DGX,1994,1994-12-31,969.8,115.6,0.56,62.8,663.9,,28.3,28.3,1994-12-31,62.8,34.4,,1633.7,411.9,601.1000000000001,3.5
DGX,1993,1993-12-31,805.7,115.6,0.93,70.7,610.6,,34.2,44.8,1993-12-31,70.7,25.9,,1416.3,363.6,540,6.4
DGX,1992,1992-12-31,657.4,115.6,0.96,154.5,571.6,,102.4,102.4,1992-12-31,154.5,52.1,,1229,334.7,417.1,16.3
DGX,1991,1991-12-31,553.8,115.6,0.9,156,387.3,,103.8,103.8,1991-12-31,156,52.1,,941.1,193.9,231.30000000000007,6.6
RL,2020,2020-03-28,2504.3,77.2,4.25635,317,3655.5,32.8,384.3,259,2020-03-28,326.4,67.4,,6159.8,3232.7,3338.5,-23.4
RL,2019,2019-03-30,2419.8,81.7,7.18335,561.8,3893.2,23.2,430.9,458.5,2019-03-30,582.5,124,,6313,3168.3,3331.3999999999996,-2.5
RL,2018,2018-03-31,2423,82.5,6.23341,498.2,3759.3,-3.5,162.8,384.2,2018-03-31,489.2,105,,6182.3,3095.5,3261.1000000000004,-5.5
RL,2017,2017-04-01,3001.7,82.7,3.29819,-94.8,3651.1,-10.1,-99.3,-99.3,2017-04-01,-104.9,-5.6,,6652.8,2866,3745.9000000000005,
RL,2016,2016-04-02,3218,85.9,6.21349,582,4187,-30,396,396,2016-04-02,552,156,,7405,3103,3605,
RL,2015,2015-03-28,3242,89.1,8.01449,1035,4378,-48,702,702,2015-03-28,987,285,,7620,3032,3343,0
RL,2014,2014-03-29,3140,92,8.46,1130,4310,-34,776,776,2014-03-29,1096,320,,7450,2919,3180,
RL,2013,2013-03-30,2789,93.7,8.23,1126.7,4155.8,-37.4,750,750,2013-03-30,1089.3,339.3,,6944.8,2766.1,3029.1000000000004,
RL,2012,2012-03-31,2861.4,95.5,7.23,1039.4,3998.1,-24.3,681,681,2012-03-31,1015.1,334.1,,6859.5,2718.9,2958.7000000000003,
RL,2011,2011-04-02,2342,98.7,5.79,845.1,3318.3,-19.7,567.6,567.6,2011-04-02,825.4,257.8,,5660.3,2274,2473.2,
RL,2010,2010-04-03,2079.8,101.3,4.83,706.9,2899.1,-17.6,479.5,479.5,2010-04-03,689.3,209.8,,4978.9,1997.5,2192.2,
RL,2009,2009-03-28,2288.2,101.3,4.55,595.5,2730.7,-8,406,406,2009-03-28,587.5,181.5,,5018.9,2036,2135.2,
RL,2008,2008-03-29,2242,105.2,4.02,653.4,2638.1,-11.3,419.8,419.8,2008-03-29,642.1,222.3,,4880.1,1932.5,1984.6999999999998,
RL,2007,2007-03-31,1959.2,107.6,3.75,652.6,2336.2,-9.3,400.9,400.9,2007-03-31,643.3,242.4,,4295.4,1663.4,1683.6000000000001,
RL,2006,2006-04-01,1723.9,107.2,2.99,516.6,2022.4,-13.7,308,308,2006-04-01,502.9,194.9,,3746.3,1476.9,1505.7999999999997,
RL,2005,2005-04-02,1620.9,104,1.85,299.7,1684.5,-0.3,190.4,192,2005-04-02,299.4,107.3,,3305.4,1382.5,1384.7999999999997,
RL,2004,2004-04-03,1326.3,101,1.82,273.8,1323.3,-11.9,171,166.9,2004-04-03,261.9,95.1,,2649.7,1030,1049.6000000000001,
RL,2003,2003-03-29,1231.7,99.3,1.85,288.4,1207.6,-14,174.2,174.2,2003-03-29,274.4,100.2,,2439.3,904.7,919.2,
RL,2002,2002-03-30,1216.9,98.5,1.94,293.2,1146.8,-17.2,172.5,172.5,2002-03-30,276,103.5,,2363.7,837.6,853.5999999999999,
RL,2001,2001-03-31,1162.7,97.4,1.46,117.2,1063,-19.3,59.3,59.3,2001-03-31,98,38.7,,2225.8,822.3,945.8999999999999,
RL,2000,2000-04-01,1002.4,99,1.53,263.9,946.3,-15,143.5,147.5,2000-04-01,248.9,101.4,,1948.7,689.2,689.1999999999999,
RL,1999,1999-04-03,904.6,100,1.27,155.6,808.5,-2.8,90.6,90.6,1999-04-03,152.8,62.3,,1713.1,608.1,666.6999999999999,
RL,1998,1998-03-28,755.7,100.2,1.5,199.8,715.3,-0.2,147.6,147.6,1998-03-28,199.6,52,,1470.9,515.5,515.5,
RL,1997,1997-03-29,648.6,93.1,1.41,157.4,531.8,-17.3,117.3,117.3,1997-03-29,140.1,22.8,,1180.4,374.5,374.5,
RL,1996,1996-03-30,583.5,93.1,1.06,127.1,436.3,-17.4,98.8,98.8,1996-03-30,109.7,10.9,,1019.9,309.2,309.29999999999995,
RL,1995,1995-04-01,475,93.1,0.86,110.1,371.6,-16.7,80.2,80.2,1995-04-01,93.4,13.2,,846.6,261.5,261.5,
RL,1994,1994-04-02,466.5,93.1,0.58,81.4,344.2,-15.9,53.9,56.7,1994-04-02,65.5,8.8,,810.7,262.8,262.9,
RL,1993,1993-04-03,425.3,93.1,0.62,82.1,342,-19.2,57.9,57.9,1993-04-03,62.9,5,,767.3,259.9,259.99999999999994,
RJF,2019,2019-09-30,462,144,7.245,1375,7561,,1034,1034,2019-09-30,1375,341,,8023,5877,6186,
RJF,2018,2018-09-30,368,148.8,6.47806,1311,7108,,857,962,2018-09-30,1311,349,,7476,5538,5797,
RJF,2017,2017-09-30,281.02,146.647,4.61739,927.978,6243.855,,636.235,638.867,2017-09-30,927.978,289.111,,6524.875,4879.363,5315.877,
RJF,2016,2016-09-30,218.718,144.513,3.842,811.944,5302.402,,529.35,540.651,2016-09-30,811.944,271.293,,5521.12,4222.678,4490.4580000000005,
RJF,2015,2015-09-30,210.271,145.939,3.42993,776.712,5097.893,,502.14,480.678,2015-09-30,776.712,296.034,,5308.164,4113.969,4321.1810000000005,
RJF,2014,2014-09-30,196.4,143.6,3.32,715.9,4769.1,,480.2,448.2,2014-09-30,715.9,267.8,,4965.5,3866.7,4053.1,13.6
RJF,2013,2013-09-30,187.7,140.5,2.93,593.9,4408.1,,367.2,396.9,2013-09-30,593.9,197,,4595.8,3593.2,3814.2000000000003,2.6
RJF,2012,2012-09-30,160,131.8,2.48,467.9,3737.9,,295.9,292.3,2012-09-30,467.9,175.7,,3897.9,3068.9,3270,25.9
RJF,2011,2011-09-30,134.4,122.8,2.19,450.7,3265.5,,278.4,267.9,2011-09-30,450.7,182.9,,3399.9,2653.2,2814.7,33.7
RJF,2010,2010-09-30,124.7,119.6,1.83,356.1,2732.3,,228.3,222.5,2010-09-30,356.1,133.6,,2857,2300.9,2498.7000000000003,80.2
RJF,2009,2009-09-30,122.4,117.3,1.3,248.8,2372.9,,152.8,152.8,2009-09-30,248.8,96,,2495.3,1977.6,2231.2999999999997,169.3
RJF,2008,2008-09-30,474.3,117.1,2.01,386.9,2603.9,,235.1,235.1,2008-09-30,386.9,151.8,,3078.2,2223.3,2343.7999999999997,54.7
RJF,2007,2007-09-30,577.9,118.7,2.11,392.2,2429.7,,250.4,250.4,2007-09-30,392.2,141.8,,3007.6,2048.8,2139.5,29.4
RJF,2006,2006-09-30,325,115.7,1.85,342.1,2187.6,,214.3,214.3,2006-09-30,342.1,127.7,,2512.6,1855.8,1965.6999999999998,
RJF,2005,2005-09-30,141.9,113,1.34,248,1943.8,,151,151,2005-09-30,248,96.9,,2085.7,1655.7,1767.1,
RJF,2004,2004-09-24,69.3,111.6,1.14,204.1,1700.6,,127.6,127.6,2004-09-24,204.1,76.5,,1769.9,1476.9,1556.4,
RJF,2003,2003-09-26,63.3,110.2,0.78,138.3,1383,,86.3,86.3,2003-09-26,138.3,52,,1446.4,1224.5,1296,
RJF,2002,2002-09-27,92,111.7,0.71,131.5,1387.7,,79.3,79.3,2002-09-27,131.5,52.2,,1479.7,1208.6,1292.4,
RJF,2001,2001-09-28,244.4,109.8,0.93,157.5,1383.7,,96.4,96.4,2001-09-28,157.5,61.1,,1628.1,1206.2,1256,
RJF,2000,2000-09-29,243.5,105.5,1.21,204.7,1422.6,,125.2,125.2,2000-09-29,204.7,79.5,,1666.1,1161.9,1250.4,
RJF,1999,1999-09-24,165,109,0.79,137.5,1047.5,,85.1,85.1,1999-09-24,137.5,52.4,,1212.4,886.3,929.7,
RJF,1998,1998-09-25,142.6,112.4,0.82,150.2,918.2,,92.7,92.7,1998-09-25,150.2,57.5,,1060.8,758.3,790.1,
RJF,1997,1997-09-26,113,108.9,0.91,160.5,760,,98.9,98.9,1997-09-26,160.5,61.6,,873.1,622.8,654.1,
RJF,1996,1996-09-27,93.6,106.4,0.62,108.5,613.1,,66,66,1996-09-27,108.5,42.5,,706.7,494.5,519.6,
RJF,1995,1995-09-29,73,105.9,0.44,74.5,471.2,,46.1,46.1,1995-09-29,74.5,28.3,,544.2,387.9,406.6,
RJF,1994,1994-09-30,43.8,108.8,0.39,67.2,429.3,,42.1,42.1,1994-09-30,67.2,25.1,,473.1,374.5,396.09999999999997,
RJF,1993,1993-09-24,24,109.5,0.45,80.3,392.4,,49.3,49.3,1993-09-24,80.3,30.9,,416.4,328.7,347.5,
RJF,1992,1992-09-25,27.4,110,0.37,65.8,298.2,,41,41,1992-09-25,65.8,24.8,,325.6,253.2,267.90000000000003,
RJF,1991,1991-09-27,45.1,108.7,0.25,43.5,216.6,,26.7,26.7,1991-09-27,43.5,16.8,,261.8,185.1,197.4,
RJF,1990,1990-09-28,53.3,111.6,0.16,29.2,191.9,,17.9,17.9,1990-09-28,29.2,11.3,,245.2,162.5,174.2,
RJF,1989,1989-09-29,48.9,110.7,0.12,20.5,166.7,,12.4,12.4,1989-09-29,20.5,8.1,,215.6,146.3,156.9,
RJF,1988,1988-09-30,31.8,110.8,0.06,9.1,130.6,,5.9,5.5,1988-09-30,9.1,3.6,,162.4,120.4,128.79999999999998,
RJF,1987,1987-09-25,19.2,111.1,0.09,17.5,118.7,,9.6,9.6,1987-09-25,17.5,7.9,,137.9,103.8,107.7,
RJF,1986,1986-09-26,12.7,89.4,0.07,11.8,94.8,,6.2,6.2,1986-09-26,11.8,5.6,,107.5,86.4,89.39999999999999,
RJF,1985,1985-09-27,7.9,82,0.06,8,72.9,,4.7,4.7,1985-09-27,8,3.3,,80.9,62.3,69.8,
RJF,1984,1984-09-28,4.9,83.6,0.02,3.4,59.2,,2.1,2.1,1984-09-28,3.4,1.4,,64.1,48.6,58.1,
RJF,1983,1983-09-30,4.4,64.9,0.08,9.2,61.7,,5.1,5.1,1983-09-30,9.2,4.2,,66,46.6,57,
RTX,2019,2019-12-31,56834,863.9,6.76429,8962,20212,-1611,5537,5948,2019-12-31,8243,2295,3015,77046,8331,11250,892
RTX,2018,2018-12-31,49838,810.1,7.71918,8551,16663,-1038,5269,6398,2018-12-31,8280,1882,2462,66501,6904,8112,767
RTX,2017,2017-12-31,44201,799.1,6.78868,8138,15636,-909,4552,5610,2017-12-31,7763,2153,2427,59837,6429,7498,534
RTX,2016,2016-12-31,41471,826.1,6.13122,8221,15773,-1039,5055,5436,2016-12-31,7133,1697,2376,57244,5958,7552,-49
RTX,2015,2015-12-31,40246,883.2,4.82647,7291,15852,-824,7608,4356,2015-12-31,6467,2111,2279,56098,5675,8561,
O,2019,2019-12-31,88.585,316.15928,1.41236,415.188,1403.006,2.255,436.482,437.478,2019-12-31,443.636,6.158,,1491.591,66.483,987.818,-3.803
O,2018,2018-12-31,66.326,289.92398,1.2597,348.069,1261.512,,363.614,364.598,2018-12-31,369.938,5.34,,1327.838,84.148,913.443,-2.774
O,2017,2017-12-31,69.48,273.93675,1.15991,287.463,1146.288,,318.798,319.318,2017-12-31,325.362,6.044,,1215.768,58.191,858.8249999999999,-2.999
O,2016,2016-12-31,62.865,255.62425,1.12482,300.81,1040.307,,315.571,316.477,2016-12-31,319.739,3.262,,1103.172,51.62,739.497,-3.05
O,2015,2015-12-31,55.352,236.20839,1.0416,268.635,967.933,,283.766,284.855,2015-12-31,288.024,3.169,,1023.285,48.385,699.298,-2.854
O,2014,2014-12-31,53.871,218.76789,0.87111,233.396,879.634,,270.635,269.14,2014-12-31,272.601,3.461,,933.505,50.632,646.238,
O,2013,2013-12-31,38.8,191.8,0.79,372.3,739.5,-190.9,245.6,179.2,2013-12-31,181.9,2.7,,778.4,54.7,367.3,0.5
O,2012,2012-12-31,7.3,132.9,0.86,269.9,468.2,-123.1,159.2,146,2012-12-31,147.4,1.4,,475.5,35.6,198.29999999999998,0.6
O,2011,2011-12-31,7.4,126.2,1.01,261.3,413.6,-109.5,157,151.1,2011-12-31,152.6,1.5,,421.1,29.5,152.29999999999998,0.8
O,2010,2010-12-31,7.3,105.9,0.92,216.1,337.7,-93.8,130.8,121.4,2010-12-31,122.8,1.4,,345,25.3,121.7,0.6
O,2009,2009-12-31,6.9,103.6,0.94,208.3,320.7,-86.1,131.1,122.1,2009-12-31,122.8,0.7,,327.6,20.9,112.3,0.6
O,2008,2008-12-31,5.8,101.2,0.91,211.4,324.4,-95.1,131.8,116.8,2008-12-31,118.1,1.2,,330.2,21.6,113,1.8
O,2007,2007-12-31,3.5,100.3,1.03,193.2,293,-70.7,140.4,127.4,2007-12-31,128.8,1.4,,296.5,22.7,99.8,6.2
O,2006,2006-12-31,3.3,89.9,1.07,159.6,236.8,-56.5,110.8,106.1,2006-12-31,106.8,0.7,,240.1,17.5,77.2,3.7
O,2005,2005-12-31,3.8,80.2,1,132.1,192.8,-43.2,99.1,89.2,2005-12-31,90,0.8,,196.7,15.4,60.8,1.1
O,2004,2004-12-31,3.2,78.6,0.9,118.7,172.4,-34.6,103.4,84.1,2004-12-31,84.8,0.7,,175.6,13.1,53.699999999999996,0.7
O,2003,2003-12-31,2.6,71.2,0.98,106.1,147.3,-26.9,86.4,79.2,2003-12-31,79.2,0,,149.9,11.2,47.4,0.8
O,2002,2002-12-31,2.7,68,0.93,96,134.8,-23.3,78.7,73.1,2002-12-31,73.1,0,,137.5,9.5,42.3,0.8
O,2001,2001-12-31,2.5,58.6,0.85,83.2,120.4,-26.1,67.6,67.6,2001-12-31,67.6,0,,122.9,7.8,40.6,0.8
O,2000,2000-12-31,2,53.4,0.74,79.9,115.5,-31.8,54.8,54.8,2000-12-31,54.8,0,,117.5,6.8,36.4,0.8
O,1999,1999-12-31,1.8,53.7,0.76,70.7,102.7,-25.4,46.2,46.6,1999-12-31,46.6,0,,104.5,6.5,32.1,0.8
O,1998,1998-12-31,1.8,53.3,0.79,55.3,83.3,-14.3,41.3,41.5,1998-12-31,41.5,0,,85.1,6.4,28,0
O,1997,1997-12-31,1.8,47.1,0.74,42.2,66.1,-8.5,34.8,34.8,1997-12-31,34.8,0,,67.9,5.4,23.9,-0.1
O,1996,1996-12-31,1.6,46,0.7,33.3,55.3,-2.5,32.2,32.2,1996-12-31,32.2,0,,57,5.2,22.099999999999998,0
O,1995,1995-12-31,1.6,40.5,0.64,28.4,49.9,-2.9,25.6,25.6,1995-12-31,25.6,0,,51.6,6.9,21.5,
O,1994,1994-12-31,2.1,39,0.65,14.5,46.8,-0.4,15.2,15.2,1994-12-31,15.2,0,,48.9,7.2,32.3,0
O,1993,1993-12-31,0,39,0.66,25.7,49,0,29.3,29.3,1993-12-31,29.3,0,,49,8.6,23.3,0
O,1992,1992-12-31,0,39,0.72,26.9,49,,28.1,28.1,1992-12-31,28.1,0,,49,7.3,22.1,1.1
REG,2019,2019-12-31,306.145,167.771,1.67695,303.756,826.993,-84.74,239.43,243.258,2019-12-31,243.258,0,,1133.138,74.984,523.237,
REG,2018,2018-12-31,305.89,170.1,1.58961,330.56,815.085,-106.578,249.127,252.325,2018-12-31,252.325,0,,1120.975,65.491,484.525,
REG,2017,2017-12-31,253.713,159.96,1.01689,227.114,730.613,-85.303,148.645,141.811,2017-12-31,141.811,0,,984.326,67.624,503.499,
REG,2016,2016-12-31,161.417,101.285,1.60241,192.779,452.954,-73.108,117.601,119.671,2016-12-31,119.671,0,,614.371,65.327,260.17499999999995,
REG,2015,2015-12-31,144.833,94.856,1.44675,196.426,424.93,-79.489,114.45,116.937,2015-12-31,116.937,0,,569.763,65.6,228.504,
REG,2014,2014-12-31,136.819,92.562,1.801,183.275,401.079,-50.501,132.313,133.77,2014-12-31,132.774,-0.996,,537.898,60.242,217.804,
REG,2013,2013-12-31,124.7,91.6,0.75,158.3,364.3,-74,148.1,84.3,2013-12-31,84.3,0,,489,61.2,206,
REG,2012,2012-12-31,125.5,89.6,0.19,100,371.4,-110.1,25.9,-21.1,2012-12-31,-7.9,13.2,,496.9,61.7,271.4,
REG,2011,2011-12-31,128.2,88.2,0.24,174.3,372.2,-123.9,51.4,39,2011-12-31,39,0,,500.4,59.2,197.90000000000003,-13.8
REG,2010,2010-12-31,125.1,81.4,-0.15,170.9,361.7,-123.9,12,21.5,2010-12-31,21.5,0,,486.8,60.3,190.79999999999998,-26.6
REG,2009,2009-12-31,119.9,76.8,0.33,80.9,369.3,-112.5,-36.7,-12.3,2009-12-31,-12.3,0,,489.2,55.4,288.4,
REG,2008,2008-12-31,108,69.7,1.48,181.5,385.4,-92.8,136.2,109.1,2008-12-31,109.1,0,,493.4,49.5,203.89999999999998,
REG,2007,2007-12-31,102.8,69.2,1.5,194.7,348.7,-82.5,203.7,164.5,2007-12-31,164.5,0,,451.5,50.6,154,
REG,2006,2006-12-31,94.4,68.4,1.01,179.8,323.4,-79.7,218.5,165.7,2006-12-31,165.7,0,,417.8,45.5,146.1,0
REG,2005,2005-12-31,92.3,59.2,1.09,180.5,304.7,-87.4,162.6,111.5,2005-12-31,111.5,0,,396.9,37.8,121.2,-0.6
REG,2004,2004-12-31,94.3,61.5,1.06,178.2,287.5,-81.2,136.3,135.6,2004-12-31,135.6,0,,381.8,30.3,119.39999999999999,-0.8
REG,2003,2003-12-31,93,61.2,1,180.7,273.4,-84,130.8,144.1,2003-12-31,144.1,0,,366.3,24.2,103.9,-1.2
REG,2002,2002-12-31,89.8,58.2,1.26,195.9,284.7,-81.3,110.5,117.9,2002-12-31,117.9,0,,374.4,22.6,94.50000000000001,-2
REG,2001,2001-12-31,89,59.3,1.68,207.2,296.1,-68.8,100.7,137.4,2001-12-31,137.4,0,,385.1,20.6,92.4,-1.6
REG,2000,2000-12-31,82.3,58.7,1.41,198,276.1,-67.2,87.6,122.3,2000-12-31,122.3,0,,358.4,19.9,81.3,-13
REG,1999,1999-12-31,67.5,55.5,1.61,166.1,229.7,-57.9,89.8,108,1999-12-31,108,0,,297.2,19.3,68.30000000000001,0
REG,1998,1998-12-31,30.8,26.9,1.35,72.3,111.5,-26.8,50.6,56.2,1998-12-31,56.2,0,,142.4,14.6,40.2,0
REG,1997,1997-12-31,22.9,19.7,1.23,48.6,74.8,-18.7,27.4,29.9,1997-12-31,29.9,0,,97.8,10,26.300000000000004,
REG,1996,1996-12-31,12.1,7.4,1.35,20.8,34.8,-10.8,10,10,1996-12-31,10,0,,46.9,6,14.1,
REG,1995,1995-12-31,8.7,6.6,0.75,14.6,25.3,-9,5.6,5.6,1995-12-31,5.6,0,,34,4.9,10.7,
REG,1994,1994-12-31,7.1,6.3,0.8,11.1,20.9,-5.7,5.1,5.4,1994-12-31,5.4,0,,28,4.5,9.799999999999999,
REG,1993,1993-12-31,0.9,6.3,0.14,1.4,2.7,-0.5,0.9,0.9,1993-12-31,0.9,0,,3.5,0.7,1.4,
REG,1992,1992-12-31,2.8,6.3,-0.42,2.3,5.6,-4.9,-2.7,-2.6,1992-12-31,-2.6,0,,8.4,4.9,6.6000000000000005,
REG,1991,1991-12-31,2.6,6.3,-0.46,2.4,4.9,-5.4,-2.9,-3,1991-12-31,-3,0,,7.5,4.6,6.1,
REG,1990,1990-12-31,2.3,6.3,-0.49,1.9,4.4,-5.2,-3.1,-3.3,1990-12-31,-3.3,0,,6.6,5.2,6.500000000000001,
REGN,2019,2019-12-31,782.2,114.6,18.46248,2209.8,7081.2,88.1,2115.8,2115.8,2019-12-31,2429.1,313.3,3036.6,7863.4,1834.8,4871.400000000001,131.2
REGN,2018,2018-12-31,434.1,114.8,20.70035,2534.4,6276.7,13.7,2444.4,2376.4,2018-12-31,2553.5,177.1,2186.1,6710.8,1556.2,3742.2999999999997,5.4
REGN,2017,2017-12-31,397.061,115.954,13.14927,2079.591,5475.166,-25.119,1198.511,1524.711,2017-12-31,2078.511,553.8,2075.142,5872.227,1320.433,3395.575,24.039
REGN,2016,2016-12-31,299.694,116.367,7.7,1330.741,4560.733,-7.195,895.522,895.522,2016-12-31,1329.815,434.293,2052.295,4860.427,1177.697,3229.992,6.269
REGN,2015,2015-12-31,392.709,115.23,5.60498,1233.055,3711.019,-14.241,636.056,636.056,2015-12-31,1225.097,589.041,1620.577,4103.728,838.526,2477.964,6.283
REGN,2014,2014-12-31,205,113.4,3.11,790.5,2614.5,-37.4,338.1,338.1,2014-12-31,761.2,423.1,1271.4,2819.6,519.3,1824.1,8.2
REGN,2013,2013-12-31,155.4,111.3,3.81,760,1949.4,-46.4,424.4,424.4,2013-12-31,713.4,289,859.9,2104.7,329.4,1189.3,-0.2
REGN,2012,2012-12-31,84.5,115.4,6.75,457.7,1294,-45.3,750.3,750.3,2012-12-31,414.4,-335.8,625.6,1378.5,210.8,836.3,2
REGN,2011,2011-12-31,4.2,90.6,-2.45,-205.2,441.6,-21.3,-221.8,-221.8,2011-12-31,-222.9,-1.1,529.5,445.8,117.3,646.8,3.5
REGN,2010,2010-12-31,2.1,82.9,-1.26,-97.5,457,-9.1,-104.5,-104.5,2010-12-31,-104.5,0,489.3,459.1,65.2,554.4,2.1
REGN,2009,2009-12-31,1.7,79.8,-0.85,-74.2,377.6,-2.3,-67.8,-67.8,2009-12-31,-72,-4.1,398.8,379.3,52.9,451.8,4.6
REGN,2008,2008-12-31,0.9,78.8,-0.98,-89.7,237.5,-7.8,-79.1,-79.1,2008-12-31,-76.8,2.4,274.9,238.5,48.9,327.20000000000005,20.7
REGN,2007,2007-12-31,0,66.3,-1.52,-121.3,125,-12,-106.5,-106.5,2007-12-31,-106.5,0,202.5,125,37.9,246.3,26.8
REGN,2006,2006-12-31,8.1,58,-1.78,-107.7,55.3,-12,-102.3,-103.2,2006-12-31,-103.2,0,137.1,63.4,25.9,163,16.5
REGN,2005,2005-12-31,9.6,56,-1.71,-124.4,56.6,-12,-95.4,-95.4,2005-12-31,-95.4,0,155.6,66.2,25.5,181,41
REGN,2004,2004-12-31,15.2,56.2,0.74,5.6,158.8,-12.2,41.7,41.7,2004-12-31,41.7,0,136.1,174,17.1,153.20000000000002,48.2
REGN,2003,2003-12-31,6.7,50.5,-2.13,-100,50.8,-11.9,-107.5,-107.5,2003-12-31,-107.5,0,136,57.5,14.8,150.8,4.5
REGN,2002,2002-12-31,6.5,43.9,-2.83,-122,15.5,-11.9,-124.4,-124.4,2002-12-31,-124.4,0,125,22,12.5,137.5,9.5
REGN,2001,2001-12-31,6.5,42.1,-1.81,-86.7,15.5,-2.7,-76.2,-76.2,2001-12-31,-76.2,0,92.5,22,9.6,102.2,13.2
REGN,2000,2000-12-31,15.6,34.9,-0.62,-25.3,43.7,-4.9,-23.2,-21.7,2000-12-31,-21.7,0,60.6,59.3,8.4,69,8.5
REGN,1999,1999-12-31,3.6,31.3,-0.74,-23.8,30.9,-4.4,-23.1,-23.1,1999-12-31,-23.1,0,48.3,34.5,6.4,54.699999999999996,5.2
REGN,1998,1998-12-31,5,31,-0.28,-12.6,33.3,-2.9,-8.6,-8.6,1998-12-31,-8.6,0,37,38.3,5.8,45.9,6.9
REGN,1997,1997-12-31,2.6,28.7,-0.4,-13.7,24.2,-4.1,-11.6,-11.6,1997-12-31,-11.6,0,27.8,26.9,5.8,37.9,6.2
REGN,1996,1996-12-31,1.1,24.5,-1.33,-21.6,18.6,-15.2,-32.4,-32.4,1996-12-31,-32.4,0,28.3,19.8,5.9,40.199999999999996,4.4
REGN,1995,1995-12-31,0.1,19.8,-1.19,-11.5,24.3,-15,-23.5,-23.5,1995-12-31,-23.5,0,23.3,24.4,5.8,35.8,3
REGN,1994,1994-12-31,,18.9,-1.62,-22,,-11.2,-30.7,-30.7,1994-12-31,-30.7,0,30.9,20.6,7.5,42.6,2.6
REGN,1993,1993-12-31,,16.6,-2.41,-42.3,,-1,-39.9,-39.9,1993-12-31,-39.9,0,39.2,7.1,7.1,49.4,3.5
REGN,1992,1992-12-31,,15.4,-1.24,-23.4,,-0.7,-19.1,-19.1,1992-12-31,-19.1,0,23.1,6.6,4.7,29.9,5
REGN,1991,1991-12-31,,15.4,-0.29,-9.6,,-0.1,-4.5,-4.5,1991-12-31,-4.5,0,12.8,7.3,3.3,16.9,5.2
REGN,1990,1990-12-31,,14.8,-0.22,-4.5,,0,-3.3,-3.3,1990-12-31,-3.3,0,6.3,3.8,1.7,8.3,1.2
REGN,1989,1989-12-31,,14,-0.19,-3.7,,0,-2.7,-2.7,1989-12-31,-2.7,0,3.1,0.5,0.9,4.2,1
REGN,1988,1988-12-31,,10.3,-0.09,-1,,0,-1,-1,1988-12-31,-1,0,0.5,0,0.4,1,0.1
RF,2019,2019-12-31,,999,1.53562,,,,1582,1582,2019-12-31,1985,403,,,,,
RF,2018,2018-12-31,,1102,1.38807,,,,1759,1531,2018-12-31,1955,424,,,,,
RF,2017,2017-12-31,,1198,1.05559,,,,1263,1302,2017-12-31,1860,558,,,,,
RF,2016,2016-12-31,,1261,0.92434,,,,1163,1154,2016-12-31,1664,510,,,,,
RF,2015,2015-12-31,,1334,0.8058,,,,1062,1075,2015-12-31,1530,455,,,,,
RF,2014,2014-12-31,,1387,0.79,,,,1155,1142,2014-12-31,1599,457,,,,,
RF,2013,2013-12-31,,1410,0.81,,,,1122,1135,2013-12-31,1587,452,,,,,
RF,2012,2012-12-31,,1387,0.69,,,,1120,1179,2012-12-31,1661,482,,,,,
RF,2011,2011-12-31,,1258,0.12,,,,-215,189,2011-12-31,161,-28,,,,,
RF,2010,2010-12-31,,1227,-1.06,,,,-539,-539,2010-12-31,-885,-346,,,,,
RF,2009,2009-12-31,,989,-1.88,,,,-1031,-1031,2009-12-31,-1202,-171,,,,,
RF,2008,2008-12-31,,695,-3.09,,,,-5595.8,-5584.3,2008-12-31,-5932.4,-348.1,,,,,
RF,2007,2007-12-31,,712.7,1.16,,,,1251.1,1393.2,2007-12-31,2038.9,645.7,,,,,
RF,2006,2006-12-31,,507,1.75,,,,1353.1,1353.1,2006-12-31,1959,605.9,,,,,
RF,2005,2005-12-31,,466.2,1.27,,,,1000.5,1000.5,2005-12-31,1422.1,421.6,,,,,
RF,2004,2004-12-31,,373.7,1.18,,,,823.8,823.8,2004-12-31,1175.6,351.8,,,,,
RF,2003,2003-12-31,,277.9,0.92,,,,651.8,651.8,2003-12-31,911.6,259.7,,,,,
RF,2002,2002-12-31,,281,0.92,,,,619.9,619.9,2002-12-31,869.2,249.3,,,,,
RF,2001,2001-12-31,,280.3,0.91,,,,508.9,508.9,2001-12-31,718,209,,,,,
RF,2000,2000-12-31,,274.1,1.82,,,,527.5,527.5,2000-12-31,741.7,214.2,,,,,
RF,1999,1999-12-31,,276.5,1.81,,,,525.4,525.4,1999-12-31,785,259.6,,,,,
RF,1998,1998-12-31,,276.3,1.82,,,,421.7,421.7,1998-12-31,635.3,213.6,,,,,
RF,1997,1997-12-31,,172.1,1.74,,,,299.7,299.7,1997-12-31,445.3,145.6,,,,,
RF,1996,1996-12-31,,156.5,1.6,,,,229.7,229.7,1996-12-31,338.4,108.7,,,,,
RF,1995,1995-12-31,,154.7,1.12,,,,172.8,172.8,1995-12-31,258.5,85.7,,,,,
RF,1994,1994-12-31,,143.7,1.02,,,,145.9,145.9,1994-12-31,217,71.1,,,,,
RF,1993,1993-12-31,,91.9,1.22,,,,112,112,1993-12-31,165.5,53.5,,,,,
RF,1992,1992-12-31,,90.2,1.05,,,,95,95,1992-12-31,140,45,,,,,
RF,1991,1991-12-31,,89.4,0.88,,,,78.3,78.3,1991-12-31,111.9,33.7,,,,,
RF,1990,1990-12-31,,89.1,0.77,,,,68.9,68.9,1990-12-31,96.1,27.2,,,,,
RF,1989,1989-12-31,,89.7,0.7,,,,62.6,62.6,1989-12-31,83.7,21,,,,,
RF,1988,1988-12-31,,89.6,0.65,,,,58.2,58.2,1988-12-31,75.8,17.6,,,,,
RF,1987,1987-12-31,,89.5,0.63,,,,56.2,56.2,1987-12-31,73.3,17.1,,,,,
RF,1986,1986-12-31,,89.3,0.61,,,,54.1,54.1,1986-12-31,68,14,,,,,
RF,1985,1985-12-31,,88.9,0.57,,,,51.1,51.1,1985-12-31,62.7,11.6,,,,,
RF,1984,1984-12-31,,87.7,0.5,,,,43.8,43.8,1984-12-31,50.8,7.1,,,,,
RF,1983,1983-12-31,,41.9,0.95,,,,39.7,39.7,1983-12-31,44.3,4.7,,,,,
RSG,2019,2019-12-31,6202,322,3.37286,1787.2,4097.4,-497.8,1073.3,1073.8,2019-12-31,1295.8,222,,10299.4,1172.4,2310.2000000000007,6.4
RSG,2018,2018-12-31,6150,328.4,3.14351,1735.5,3890.9,-417.9,1036.9,1037.9,2018-12-31,1320.9,283,,10040.9,1047.5,2155.3999999999996,3.3
RSG,2017,2017-12-31,6214.6,339,2.37359,1667.7,3826.9,-344.7,1278.4,815.1,2017-12-31,1282.1,467,,10041.5,1057.4,2159.199999999999,-40.9
RSG,2016,2016-12-31,5764,344.4,2.21525,1341.3,3623.7,-323.1,612.6,613.2,2016-12-31,965.9,352.7,,9387.7,969.8,2282.3999999999996,-52.3
RSG,2015,2015-12-31,5518.6,351.4,2.13404,1558.8,3596.4,-317,749.9,750.4,2015-12-31,1195.9,445.5,,9115,983.1,2037.5999999999995,-45.9
RSG,2014,2014-12-31,5628.1,358.1,1.5701,1231.7,3160.2,-303.3,547.6,547.9,2014-12-31,885.3,337.4,,8788.3,918.9,1928.5,-43.1
RSG,2013,2013-12-31,5235,363,1.64,1208,3183,-312,589,589,2013-12-31,851,262,,8417,854,1974,-45
RSG,2012,2012-12-31,5006,368,1.78,1208,3113,-329,572,572,2012-12-31,824,252,,8118,821,1904,-55
RSG,2011,2011-12-31,4865,378,1.97,1342,3328,-440,589,589,2011-12-31,906,317,,8193,825,1986,4
RSG,2010,2010-12-31,4765,385,1.65,1378,3342,-507,507,508,2010-12-31,877,370,,8107,825,1963,5
RSG,2009,2009-12-31,4844,381,1.45,1456,3355,-594,495,497,2009-12-31,865,369,,8199,839,1899,3
RSG,2008,2008-12-31,2417,198,0.78,283,1268,-122,74,74,2008-12-31,159,85,,3685,435,985,-2
RSG,2007,2007-12-31,1997,192,1.51,536,1179,-82,290,290,2007-12-31,468,178,,3176,320,643,14
RSG,2006,2006-12-31,1924,201,1.39,520,1146,-80,280,280,2006-12-31,444,164,,3071,315,627,4
RSG,2005,2005-12-31,1804,218,1.17,477,1060,-70,254,254,2005-12-31,409,156,,2864,290,583,2
RSG,2004,2004-12-31,1714,233,1.02,452,994,-70,238,238,2004-12-31,384,146,,2708,268,542,1
RSG,2003,2003-12-31,1605,243,0.89,413,912,-69,178,215,2003-12-31,347,132,,2518,248,500,3
RSG,2002,2002-12-31,1473,250,0.94,460,892,-73,240,240,2002-12-31,387,147,,2365,239,433,0
RSG,2001,2001-12-31,1423,257,0.49,284,835,-76,126,126,2001-12-31,209,84,,2258,237,551,2
RSG,2000,2000-12-31,1271,263,0.84,434,832,-80,221,221,2000-12-31,356,135,,2103,194,398,2
RSG,1999,1999-12-31,1101,264,0.76,391,737,-61,201,201,1999-12-31,327,126,,1839,184,347,-3
RSG,1998,1998-12-31,843,203,0.76,284,526,-43,154,154,1998-12-31,240,87,,1369,136,242,-1
RSG,1997,1997-12-31,723,144,0.81,201,405,-21,116,116,1997-12-31,182,66,,1128,117,203,2
RSG,1996,1996-12-31,628,263,0.22,106,325,-30,52,52,1996-12-31,90,38,,953,135,220,14
RSG,1995,1995-12-31,507,263,0.2,94,298,-19,25,49,1995-12-31,81,32,,805,138,204,6
RSG,1994,1994-12-31,381,263,0.1,61,229,-13,22,27,1994-12-31,44,17,,610,115,168,-4
RMD,2020,2020-06-30,1239.227,145.652,4.36149,795.14,1717.786,-63.083,621.674,621.674,2020-06-30,733.088,111.414,201.946,2957.013,676.689,922.646,1.031
RMD,2019,2019-06-30,1112.501,144.484,3.26395,564.256,1494.071,-47.978,404.592,410.592,2019-06-30,518.847,108.255,180.651,2606.572,645.01,929.815,2.569
RMD,2018,2018-06-30,1005.298,143.987,3.33164,530.238,1334.898,-13.523,315.588,453.588,2018-06-30,521.312,67.724,155.149,2340.196,600.369,804.6600000000001,4.597
RMD,2017,2017-06-30,864.992,142.453,2.59151,423.843,1201.745,-5.717,342.284,342.284,2017-06-30,418.743,76.459,144.467,2066.737,553.968,777.902,0.617
RMD,2016,2016-06-30,772.216,141.669,2.53337,428.202,1066.497,9.823,352.409,352.409,2016-06-30,439.566,87.157,118.651,1838.713,488.057,638.295,1.541
RMD,2015,2015-06-30,667.516,142.687,2.47315,409.236,1011.396,25.498,352.886,352.886,2015-06-30,435.916,83.03,114.865,1678.912,478.627,602.16,1.182
RMD,2014,2014-06-30,565.2,144.4,2.43,405.1,989.8,25.7,345.3,345.3,2014-06-30,431.1,85.8,118.2,1555,450.4,584.7,0.3
RMD,2013,2013-06-30,573.8,146.4,2.24,354.3,940.7,30.6,307.1,307.1,2013-06-30,385.1,78,120.1,1514.5,430.8,586.3,0.2
RMD,2012,2012-06-30,547.8,149.3,1.73,290.4,820.7,40.9,254.9,254.9,2012-06-30,331.9,77.1,109.7,1368.5,401.6,530.3,0.6
RMD,2011,2011-06-30,501.8,157.2,1.45,266.9,741.3,36.7,227,227,2011-06-30,303.7,76.7,92,1243.1,371.2,474.40000000000003,0.1
RMD,2010,2010-06-30,436.9,155.1,1.23,240.1,655.5,21,190.1,190.1,2010-06-30,260.6,70.5,75.2,1092.4,328.9,415.30000000000007,-0.6
RMD,2009,2009-06-30,366.9,154.2,0.96,189,553.8,12.6,146.4,146.4,2009-06-30,201.7,55.2,63.1,920.7,289.9,364.80000000000007,0.1
RMD,2008,2008-06-30,341.6,157.4,0.7,139.7,493.8,11.2,110.3,110.3,2008-06-30,157.9,47.6,60.5,835.4,278.1,354.1,0.4
RMD,2007,2007-06-30,331.8,156.5,0.42,90.2,384.5,7.7,66.3,66.3,2007-06-30,98,31.7,50.1,716.3,237.3,294.40000000000003,-0.2
RMD,2006,2006-06-30,230.1,154.3,0.59,131.3,376.9,3.2,88.2,88.2,2006-06-30,133.4,45.2,37.2,607,200.2,245.6,-1.1
RMD,2005,2005-06-30,150.6,149.9,0.51,97.4,274.9,-0.8,64.8,64.8,2005-06-30,96.6,31.8,30,425.5,135.7,177.6,0
RMD,2004,2004-06-30,122.6,140.5,0.41,85.4,216.7,-1,57.3,57.3,2004-06-30,84.7,27.4,26.2,339.3,104.7,131.4,0.3
RMD,2003,2003-06-30,100.5,137.8,0.33,67.8,173.1,-1,45.7,45.7,2003-06-30,67.1,21.4,20.5,273.6,85.3,105.30000000000001,0.4
RMD,2002,2002-06-30,70.8,136.3,0.24,57.7,133.2,-2.5,37.5,37.5,2002-06-30,54.6,17.1,14.9,204.1,64.5,75.60000000000001,-0.6
RMD,2001,2001-06-30,50.4,133.9,0.23,26,104.8,3.8,11.6,11.6,2001-06-30,27.3,15.7,11.1,155.2,49.4,78.69999999999999,-2.6
RMD,2000,2000-06-30,37,129.2,0.18,33.1,78.6,0.6,22.2,22.2,2000-06-30,34.2,11.9,8.5,115.6,37,45.5,0.4
RMD,1999,1999-06-30,29.4,124.3,0.13,25.3,59.2,1.2,16.1,16.1,1999-06-30,24.6,8.5,6.5,88.6,27.4,34,-1.9
RMD,1998,1998-06-30,23.1,120.2,0.09,17.4,43.5,0,10.6,10.6,1998-06-30,16.1,5.5,5,66.5,21.1,26.1,-1.2
RMD,1997,1997-06-30,20.3,117.1,0.07,8.3,28.9,1.7,7.5,7.5,1997-06-30,11.1,3.6,3.8,49.2,16.8,20.599999999999998,1.1
RMD,1996,1996-06-30,17,115.2,0.04,3.6,17.6,2,4.5,4.5,1996-06-30,6.6,2.1,2.8,34.6,11.1,14,0.9
RMD,1995,1995-06-30,11.3,71.2,0.04,2.8,12.2,0.1,2.8,2.8,1995-06-30,3.8,0.9,2,23.5,7.4,9.399999999999999,0.9
RMD,1994,1994-06-30,6.2,58.2,0.02,1.3,7.6,0.1,1.2,1.2,1994-06-30,1.8,0.6,1.5,13.9,4.8,6.3999999999999995,0.4
RMD,1993,1993-06-30,3.1,62.6,0.01,0.6,4.5,0.1,0.8,0.8,1993-06-30,1.2,0.4,0.8,7.7,3.1,3.9,0.5
RMD,1992,1992-06-30,2,60.4,0.01,-0.1,1.3,0.1,0.3,0.3,1992-06-30,0.3,0,0.7,3.4,0.7,1.5,0.3
RMD,1991,1991-06-30,0.9,46.3,0,-0.4,0.8,0.1,-0.1,-0.1,1991-06-30,-0.1,0,0.4,1.6,0.8,1.1,0.2
RMD,1990,1990-06-30,0.6,41.3,-0.01,-0.5,0.3,0.1,-0.3,-0.3,1990-06-30,-0.3,0,0.2,0.8,0.5,0.7000000000000001,0.2
RHI,2019,2019-12-31,3543.913,116.411,3.90369,620.39,2530.519,5.125,454.433,454.433,2019-12-31,625.515,171.082,,6074.432,1908.768,1910.1290000000004,
RHI,2018,2018-12-31,3390.257,121.602,3.60991,587.22,2410.014,4.382,434.288,438.972,2018-12-31,591.602,152.63,,5800.271,1821.089,1822.7940000000003,
RHI,2017,2017-12-31,3102.977,124.892,2.66564,515.717,2163.812,1.799,290.584,332.917,2017-12-31,517.516,184.599,,5266.789,1646.532,1648.0950000000003,
RHI,2016,2016-12-31,3089.723,128.766,2.66677,553.222,2160.676,0.888,343.389,343.389,2016-12-31,554.11,210.721,,5250.399,1606.217,1607.4539999999997,
RHI,2015,2015-12-31,2980.462,132.93,2.69161,580.48,2114.471,0.55,357.796,357.796,2015-12-31,581.03,223.234,,5094.933,1533.799,1533.9910000000004,
RHI,2014,2014-12-31,2772.1,135.5,2.26,496.6,1922.9,0.7,305.9,305.9,2014-12-31,497.3,191.4,,4695,1425.7,1426.2999999999997,
RHI,2013,2013-12-31,2522.8,137.6,1.83,396.6,1723.1,1,252.2,252.2,2013-12-31,397.6,145.4,,4245.9,1324.8,1326.5,
RHI,2012,2012-12-31,2462.2,139.4,1.5,343,1649.1,1.2,209.9,209.9,2012-12-31,344.2,134.3,,4111.2,1305.6,1306,
RHI,2011,2011-12-31,2287.4,141.8,1.04,250.2,1489.6,,149.9,149.9,2011-12-31,250.2,100.3,,3777,1240.2,1239.4,
RHI,2010,2010-12-31,1981.1,144,0.44,115.2,1194,,66.1,66.1,2010-12-31,115.2,49.1,,3175.1,1079,1078.8000000000002,
RHI,2009,2009-12-31,1932.9,146.6,0.24,66.8,1103.7,,37.3,37.3,2009-12-31,66.8,29.5,,3036.5,1036.9,1036.9,
RHI,2008,2008-12-31,2687,153.3,1.63,419.3,1913.6,,250.2,250.2,2008-12-31,419.3,169.1,,4600.6,1496.8,1494.3000000000002,
RHI,2007,2007-12-31,2667.8,163.5,1.81,490.4,1977.8,,296.2,296.2,2007-12-31,490.4,194.2,,4645.7,1498,1487.5,
RHI,2006,2006-12-31,2319.3,171.7,1.65,466.2,1694.3,,283.2,283.2,2006-12-31,466.2,183,,4013.5,1244,1228,
RHI,2005,2005-12-31,1965.4,174.4,1.36,392.2,1373,,237.9,237.9,2005-12-31,392.2,154.3,,3338.4,991.5,980.9000000000001,
RHI,2004,2004-12-31,1619.4,176.9,0.79,234.7,1056.3,,140.6,140.6,2004-12-31,234.7,94.1,,2675.7,824.4,821.5999999999999,
RHI,2003,2003-12-31,1248.3,173.2,0.04,11.7,726.7,,6.4,6.4,2003-12-31,11.7,5.3,,1975,707.3,715,
RHI,2002,2002-12-31,1190.2,177.8,0.01,3.5,714.7,,2.2,2.2,2002-12-31,3.5,1.3,,1905,709.5,711.3,
RHI,2001,2001-12-31,1436.3,181.5,0.67,196.3,1016.6,,121.1,121.1,2001-12-31,196.3,75.2,,2452.9,823.5,820.3,
RHI,2000,2000-12-31,1538.6,186.1,1,301.6,1160.8,,186.1,186.1,2000-12-31,301.6,115.5,,2699.3,864.4,859.0999999999999,
RHI,1999,1999-12-31,1219.3,184.6,0.77,234.7,862.1,,141.4,141.4,1999-12-31,234.7,93.3,,2081.3,628.4,627.3,
RHI,1998,1998-12-31,1070.8,189.6,0.69,221.2,722.2,,131.6,131.6,1998-12-31,221.2,89.6,,1793,501.6,501.10000000000014,
RHI,1997,1997-12-31,785.5,188,0.5,158.8,517.3,,93.7,93.7,1997-12-31,158.8,65.1,,1302.9,357.8,358.5,
RHI,1996,1996-12-31,545.3,183,0.33,103.6,353.3,,61.1,61.1,1996-12-31,103.6,42.5,,898.6,246.5,249.70000000000005,
RHI,1995,1995-12-31,384.4,177,0.23,69.1,244.1,,40.3,40.3,1995-12-31,69.1,28.8,,628.5,170.7,175,
RHI,1994,1994-12-31,273.3,170.1,0.15,45.2,173,,26.1,26.1,1994-12-31,45.2,19.1,,446.3,121.6,127.80000000000001,0
RHI,1993,1993-12-31,188.3,151.6,0.08,21.6,117.9,,11.7,11.7,1993-12-31,21.6,9.8,,306.2,88.1,96.30000000000001,0
RHI,1992,1992-12-31,131.9,143.6,0.03,7.9,88.3,,4.4,4.4,1992-12-31,7.9,3.5,,220.2,72.1,80.4,
RHI,1991,1991-12-31,117.3,139.6,0.03,8,92.2,,4.1,4.1,1991-12-31,8,4,,209.5,73.6,84.10000000000001,0
RHI,1990,1990-12-31,130.6,137.6,0.06,14.9,118,,9.3,8.9,1990-12-31,14.9,6.1,,248.6,90.7,103,0
RHI,1989,1989-12-31,119.6,166,0.1,23.6,114.9,,13.5,13.5,1989-12-31,23.6,10.1,,234.5,81.2,91.30000000000001,0
RHI,1988,1988-12-31,91.8,182.4,0.08,20.1,90.3,,12,12,1988-12-31,20.1,8.1,,182.1,62.9,70.10000000000001,0
RHI,1987,1987-12-31,51.7,137.6,0.05,13.5,54,,7.6,7.3,1987-12-31,13.5,6.3,,105.7,36.7,40.39999999999999,0
RHI,1986,1986-12-31,,139,0.03,5.5,,,4,4,1986-12-31,5.5,1.5,,18.9,5.9,24.5,
RHI,1985,1985-12-31,,161.9,0.04,6.8,,,6.9,6.9,1985-12-31,6.8,0,,30.7,22.8,26,
RHI,1984,1984-12-31,,174.5,0.06,16.7,,,10.3,10.3,1984-12-31,16.7,6.5,,28.4,10.7,12.4,
RHI,1983,1983-12-31,,182.9,0.07,18.1,,,13.1,13.1,1983-12-31,18.1,5,,28.5,8.1,12.8,
ROK,2019,2019-09-30,3794.7,119.3,5.82649,901,2900.1,,695.8,695.8,2019-09-30,901,205.2,,6694.8,1538.5,1999.1000000000004,
ROK,2018,2018-09-30,3781.1,126.9,8.45784,1330.8,2884.9,,535.5,1073.8,2018-09-30,1330.8,257,,6666,1587.9,1554.1,
ROK,2017,2017-09-30,3643.4,129.9,6.72204,1037.4,2667.9,,825.7,825.7,2017-09-30,1037.4,211.7,,6311.3,1557.6,1630.4999999999995,
ROK,2016,2016-09-30,3404,131.1,5.63559,943.1,2475.5,,729.7,729.7,2016-09-30,943.1,213.4,,5879.5,1467.4,1532.3999999999996,
ROK,2015,2015-09-30,3604.8,135.7,6.20015,1127.4,2703.1,,827.6,827.6,2015-09-30,1127.5,299.9,,6307.9,1506.4,1575.6999999999998,
ROK,2014,2014-09-30,3870,140,5.91,1134,2754,,827,827,2014-09-30,1134,307,,6624,1570,1619,-8
ROK,2013,2013-09-30,3778,141,5.36,981,2574,,756,756,2013-09-30,981,225,,6352,1538,1593,-6
ROK,2012,2012-09-30,3737,143,5.18,966,2523,,737,737,2012-09-30,966,229,,6259,1492,1557,3
ROK,2011,2011-09-30,3610,145,4.87,868,2390,,698,697,2011-09-30,868,171,,6000,1461,1523,5
ROK,2010,2010-09-30,2921,144,3.04,544,1936,,464,440,2010-09-30,544,104,,4857,1328,1392,2
ROK,2009,2009-09-30,2763,143,1.89,274,1570,,221,218,2009-09-30,274,56,,4333,1189,1296,7
ROK,2008,2008-09-30,3357,148,4.12,809,2341,,578,578,2008-09-30,809,231,,5698,1436,1532,13
ROK,2007,2007-09-30,2907,161,3.76,789,2097,,1488,569,2007-09-30,789,219,,5004,1257,1308,0
ROK,2006,2006-09-30,3367,180,3.42,891,2194,,607,628,2006-09-30,891,263,,5561,1275,1303,-4
ROK,2005,2005-09-30,3109,187,2.79,737,1894,,540,518,2005-09-30,737,219,,5003,1121,1157,0
ROK,2004,2004-09-30,2848,191,1.96,438,1563,,415,354,2004-09-30,438,84,,4411,1059,1125,9
ROK,2003,2003-09-30,2752,190,1.54,299,1352,,286,282,2003-09-30,299,17,,4104,1007,1053,-12
ROK,2002,2002-09-30,2674,189,1.21,233,1235,,121,226,2002-09-30,233,7,,3909,953,1002,-15
ROK,2001,2001-09-30,3031,185,0.65,168,1248,,305,125,2001-09-30,168,43,,4279,1041,1080,-32
ROK,2000,2000-09-30,4916,190,3.56,943,2235,,636,636,2000-09-30,943,307,,7151,1288,1292,-43
ROK,1999,1999-09-30,4907,194,3.01,890,2136,,562,582,1999-09-30,890,308,,7043,1270,1246,-108
ROK,1998,1998-09-30,5206,198,0.16,25,1546,,-427,-109,1998-09-30,25,134,,6752,1448,1521,-60
ROK,1997,1997-09-30,5472,217,2.94,923,2290,,644,586,1997-09-30,923,337,,7762,1407,1367,-120
ROK,1996,1996-09-30,7877,221,3.4,727,2496,,726,555,1996-09-30,896,341,,10373,1494,1769,169
ROK,1995,1995-09-30,6991,221,2.23,738,2074,,742,493,1995-09-30,811,318,,9065,1311,1336,73
ROK,1994,1994-09-30,8675,225,2.82,940,2448,,634,634,1994-09-30,1021,387,,11123,1412,1508,81
ROK,1993,1993-09-30,8539,224,2.5,823,2302,,562,562,1993-09-30,904,342,,10840,1374,1478,81
ROK,1992,1992-09-30,8810,226,2.13,661,2100,,-1036,483,1992-09-30,778,295,,10910,1332,1439,117
ROK,1991,1991-09-30,9544,237,2.35,592,2384,,601,601,1991-09-30,1024,423,,11927,1385,1792,88
ROK,1990,1990-09-30,9817,247,2.48,968,2562,,624,624,1990-09-30,1052,428,,12379,1449,1594,64
ROK,1989,1989-09-30,9986,259,2.45,926,2532,,735,735,1989-09-30,1206,471,,12518,1473,1606,115
ROK,1988,1988-09-30,9509,270,2.96,891,2438,,812,812,1988-09-30,1056,244,,11946,1439,1547,149
ROK,1987,1987-09-30,9560,284,2.22,1099,2563,,635,635,1987-09-30,1191,556,,12123,1367,1464,87
ROK,1986,1986-09-30,9913,301,2.03,968,2383,,611,611,1986-09-30,1059,447,,12296,1318,1415,91
ROK,1985,1985-09-30,9091,304,1.96,937,2247,,595,595,1985-09-30,1063,467,,11338,1218,1310,126
ROK,1984,1984-09-30,7562,312,1.59,756,1760,,497,497,1984-09-30,900,403,,9322,961,1005,144
ROK,1983,1983-09-30,6581,308,1.26,551,1517,,389,389,1983-09-30,690,301,,8098,939,966,139
ROL,2019,2019-12-31,993.593,327.477,0.73515,267.496,1021.884,-6.917,203.347,202.503,2019-12-31,261.16,58.657,,2015.477,623.379,754.388,
ROL,2018,2018-12-31,894.437,327.291,0.70958,309.638,927.128,0.22,231.663,232.896,2018-12-31,310.733,77.837,,1821.565,550.698,617.4899999999999,
ROL,2017,2017-12-31,819.943,326.98037,0.58067,294.001,854.014,0.259,179.124,190.024,2017-12-31,294.502,104.478,,1673.957,503.433,560.0129999999999,
ROL,2016,2016-12-31,772.348,327.36436,0.50974,259.699,801.129,0.16,167.369,167.369,2016-12-31,260.636,93.267,,1573.477,490.528,541.4300000000001,
ROL,2015,2015-12-31,735.976,327.87286,0.46032,241.065,749.329,0.16,152.149,152.149,2015-12-31,243.178,91.029,,1485.305,463.742,508.264,
ROL,2014,2014-12-31,707.7,328,0.42,219.2,703.8,0.3,137.7,137.7,2014-12-31,219.5,81.8,,1411.6,441.7,484.5999999999999,
ROL,2013,2013-12-31,678.5,328.7,0.37,191.2,658.9,0.4,123.3,123.3,2013-12-31,191.6,68.3,,1337.4,428.3,467.70000000000005,
ROL,2012,2012-12-31,647.6,329.2,0.34,176.7,623.3,0,111.3,111.3,2012-12-31,176.6,65.3,,1270.9,407.5,446.69999999999993,
ROL,2011,2011-12-31,616.8,330.6,0.31,161.6,588.2,-0.5,100.7,100.7,2011-12-31,161.1,60.4,,1205.1,388.7,426.70000000000005,
ROL,2010,2010-12-31,583.1,333.5,0.27,144,553.8,-0.4,90,90,2010-12-31,143.5,53.5,,1136.9,373.3,409.79999999999995,
ROL,2009,2009-12-31,551,336.6,0.26,127.3,523,-1,84,84,2009-12-31,126.3,42.3,,1074,355.6,395.70000000000005,
ROL,2008,2008-12-31,534.5,341.6,0.2,113.7,486.1,-0.8,68.9,68.9,2008-12-31,113,44,,1020.6,339.1,372.29999999999995,
ROL,2007,2007-12-31,468.7,344.9,0.19,104.9,426.3,,64.7,64.7,2007-12-31,104.9,40.2,,894.9,296.6,321.3,
ROL,2006,2006-12-31,457.9,348.7,0.17,95.2,401,,57.8,57.8,2006-12-31,95.2,37.4,,858.9,280.6,305.80000000000007,
ROL,2005,2005-12-31,422,353.2,0.14,88,380.4,,52.8,52.8,2005-12-31,88,35.2,,802.4,274.9,292.5,
ROL,2004,2004-12-31,395.3,355.2,0.12,98.7,355.6,,52.1,58.3,2004-12-31,98.7,40.5,,750.9,258.9,256.90000000000003,
ROL,2003,2003-12-31,362.4,350.9,0.1,60,314.6,,35.8,35.8,2003-12-31,60,24.3,,677,236.5,254.60000000000002,
ROL,2002,2002-12-31,361.7,344.8,0.08,43.7,303.7,,27.1,27.1,2002-12-31,43.7,16.6,,665.4,238.6,260.00000000000006,
ROL,2001,2001-12-31,364.3,344.7,0.05,27.3,288,,16.9,16.9,2001-12-31,27.3,10.4,,652.3,240.5,260.7,
ROL,2000,2000-12-31,374.1,342.2,0.03,15.4,275.4,,9.6,9.6,2000-12-31,15.4,5.9,,649.6,242,260.1,
ROL,1999,1999-12-31,341.5,345.5,0.02,11.5,245.2,,7.2,7.2,1999-12-31,11.5,4.4,,586.6,223.2,233.60000000000002,
ROL,1998,1998-12-31,327.5,364.5,0.01,5.1,221.7,,6.6,3.2,1998-12-31,5.1,1.9,,549.1,216.6,216.5,
ROL,1997,1997-12-31,362.2,386.1,-0.07,-169,176.4,,1.5,-104.8,1997-12-31,-169,-64.2,,538.6,227.6,345.40000000000003,0
ROL,1996,1996-12-31,358.8,404.6,0.06,36.8,268.6,,22.8,22.8,1996-12-31,36.8,14,,627.4,229.2,231.90000000000003,
ROL,1995,1995-12-31,325.9,409,0.11,63.4,294.5,,39.3,39.3,1995-12-31,63.4,24.1,,620.4,216.2,231.20000000000005,
ROL,1994,1994-12-31,311.3,407.4,0.12,80.6,294,,49.6,49.6,1994-12-31,80.6,31,,605.3,208.3,213.40000000000003,0
ROL,1993,1993-12-31,293.5,405.9,0.11,72.9,282.3,,44.5,44.5,1993-12-31,72.9,28.4,,575.8,203.5,209.39999999999998,0
ROL,1992,1992-12-31,271.5,405.4,0.09,62.8,256.1,,38,38,1992-12-31,62.8,24.8,,527.7,187.2,193.39999999999998,0
ROL,1991,1991-12-31,248,404.7,0.08,52.1,227.6,,31.5,31.5,1991-12-31,52.1,20.6,,475.6,169.8,175.5,0
ROL,1990,1990-12-31,230.1,404.1,0.07,45.4,206.3,,27.4,27.4,1990-12-31,45.4,17.9,,436.4,155.9,160.9,0
ROL,1989,1989-12-31,211.6,403.6,0.06,38.8,190.7,,23.5,23.5,1989-12-31,38.8,15.2,,402.3,146.7,152.00000000000003,0
ROL,1988,1988-12-31,193.8,403.4,0.06,41.5,187,,24.7,24.7,1988-12-31,41.5,16.8,,380.8,140.2,145.5,0
ROL,1987,1987-12-31,180.5,401.3,0.06,41.3,173.8,,22.1,22.1,1987-12-31,41.3,19.2,,354.3,126.4,132.5,0
ROL,1986,1986-12-31,158.2,397.9,0.05,36.1,161.8,,18,18,1986-12-31,36.1,18.1,,320,119.1,125.69999999999999,0.3
ROL,1985,1985-12-31,133.2,404.8,0.04,31.8,147.3,,16.3,16.3,1985-12-31,31.8,15.6,,280.6,108.1,115.5,0
ROL,1984,1984-12-31,125.3,421.6,0.04,29.7,136.9,,15.6,15.6,1984-12-31,29.7,14,,262.3,100.6,107.3,0
ROL,1983,1983-12-31,116.2,444.2,0.02,18.3,129.5,,9.1,9.1,1983-12-31,18.3,9.2,,245.7,93.2,111.2,10.2
ROP,2019,2019-12-31,1939.7,105.1,9.86808,2419.1,3427.1,-190.3,1767.9,1767.9,2019-12-31,2227.4,459.5,,5366.8,1928.7,1007.9999999999998,-1.4
ROP,2018,2018-12-31,1911.7,104.4,9.02915,1380.5,3279.5,-182.3,944.4,930.3,2018-12-31,1198.4,268.1,,5191.2,1883.1,1898.9999999999998,0.2
ROP,2017,2017-12-31,1742.675,103.522,7.30639,1210.244,2864.796,-181.966,971.772,756.372,2017-12-31,1034.723,278.351,,4607.471,1654.552,1654.552,6.445
ROP,2016,2016-12-31,1457.515,102.464,6.43401,1053.692,2332.41,-114.459,658.645,658.645,2016-12-31,940.652,282.007,,3789.925,1277.847,1278.718,1.419
ROP,2015,2015-12-31,1417.749,101.597,6.85126,1027.918,2164.646,-84.925,696.067,696.067,2015-12-31,1002.345,306.278,,3582.395,1136.728,1136.7279999999998,59.352
ROP,2014,2014-12-31,1447.6,100.9,6.4,999.5,2101.9,-78.8,646,646,2014-12-31,921.5,275.4,,3549.5,1102.4,1102.4,0.8
ROP,2013,2013-12-31,1355.2,100.2,5.37,842.4,1882.9,-91.9,538.3,538.3,2013-12-31,754.1,215.8,,3238.1,1040.6,1040.6000000000001,3.7
ROP,2012,2012-12-31,1321.8,99.6,4.86,756.5,1671.7,-70.3,483.4,483.4,2012-12-31,686.7,203.3,,2993.5,914.1,915.1000000000001,0.5
ROP,2011,2011-12-31,1281.5,98.4,4.34,660.5,1515.6,-63.6,427.2,427.2,2011-12-31,605,177.7,,2797.1,855,855.0999999999999,8.1
ROP,2010,2010-12-31,1111,96.7,3.34,514.3,1275.1,-66.5,322.6,322.6,2010-12-31,448.4,125.8,,2386.1,760.8,760.8,0.6
ROP,2009,2009-12-31,1006.5,92.8,2.65,395,1043.1,-58.5,239.5,239.5,2009-12-31,339.8,100.3,,2049.7,639.4,648.2,-0.8
ROP,2008,2008-12-31,1118.1,93.7,3.08,483,1188.3,-53.7,286.5,286.5,2008-12-31,436,149.4,,2306.4,702.1,705.2,6.6
ROP,2007,2007-12-31,1043.7,93.2,2.68,438.4,1058.4,-52.2,250,250,2007-12-31,383.7,133.6,,2102,620,620,-2.5
ROP,2006,2006-12-31,839.4,90.9,2.13,337.7,861.3,-44.8,193.3,193.3,2006-12-31,292.9,99.5,,1700.7,523.7,523.6999999999999,0
ROP,2005,2005-12-31,727.3,87.9,1.77,261,726.4,-43.4,153.2,153.2,2005-12-31,220.6,67.4,,1453.7,461.5,465.5,3
ROP,2004,2004-12-31,484.7,75.7,1.32,163.1,485,-28.8,93.9,93.9,2004-12-31,133.7,39.9,,969.8,313.7,321.90000000000003,-0.6
ROP,2003,2003-12-31,311.2,64,1.04,83,346.1,-16.4,45.2,48.1,2003-12-31,66.3,18.2,,657.4,238,263.09999999999997,-0.4
ROP,2002,2002-12-31,42.3,63.7,0.02,4.6,41.6,-3,0.9,1.2,2002-12-31,1.8,0.5,,83.9,37,37,0.2
ROP,2001,2002-10-31,283.7,63.6,1.04,115.5,333.8,-22.6,40.1,66.4,2002-10-31,96.3,29.9,,617.5,218.2,218.2,3.4
ROP,2000,2001-10-31,277.5,63,0.89,98.4,309,-15.9,55.8,55.8,2001-10-31,86.4,30.6,,586.5,210.5,210.60000000000002,3.9
ROP,1999,2000-10-31,245,62.4,0.79,88.2,258.8,-13.5,49.3,49.3,2000-10-31,75.9,26.7,,503.8,170.6,170.60000000000002,1.2
ROP,1998,1999-10-31,196.8,62,0.76,78,210.5,-7.3,47.3,47.3,1999-10-31,72.3,24.9,,407.3,132.5,132.5,1.6
ROP,1997,1998-10-31,198.2,63.4,0.62,66.1,191,-7.9,39.3,39.3,1998-10-31,59.6,20.3,,389.2,124.9,124.90000000000003,1.4
ROP,1996,1997-10-31,144.8,62.9,0.58,60.9,153.4,-6,36.4,36.4,1997-10-31,55.1,18.8,,298.2,92.5,92.6,0.3
ROP,1995,1996-10-31,109.7,61.8,0.47,47.3,115.9,-3.3,28.9,28.9,1996-10-31,44.2,15.4,,225.7,68.7,68.7,0.3
ROP,1994,1995-10-31,81.6,60.5,0.38,37.4,93.8,-2,23.3,23.3,1995-10-31,36,12.7,,175.4,56.4,56.400000000000006,0.5
ROP,1993,1994-10-31,69.3,60.1,0.35,32.9,78.4,-1.5,20.1,20.9,1994-10-31,31.6,10.7,,147.7,45.5,45.5,0.2
ROP,1992,1993-10-31,64.1,59.2,0.32,30.3,68.4,-2,19.1,19.1,1993-10-31,28.4,9.4,,132.5,38.1,38.10000000000001,0.1
ROP,1991,1992-10-31,39.7,50.8,0.09,9.6,29.9,-2.3,4.7,4.7,1992-10-31,7.5,2.8,,69.6,20.3,20.299999999999997,0.2
ROP,1990,1991-10-31,43.9,39.4,0.12,12.8,31.1,-5,4.9,4.9,1991-10-31,7.9,2.9,,75,18.4,18.4,0.1
ROP,1989,1990-10-31,29.1,36.9,0.07,7.5,18.7,-2.9,3.1,3.1,1990-10-31,4.8,1.7,,47.9,11.3,11.299999999999997,0.2
ROP,1988,1989-10-31,22.5,36.1,0.04,5.5,13.4,-2,2.1,2.1,1989-10-31,3.6,1.5,,35.8,7.9,7.899999999999999,0.1
