symbol,year,period,costOfGoodsSold,dilutedAverageSharesOutstanding,dilutedEPS,ebit,grossIncome,interestIncomeExpense,netIncome,netIncomeAfterTaxes,period,pretaxIncome,provisionforIncomeTaxes,researchDevelopment,revenue,sgaExpense,totalOperatingExpense,totalOtherIncomeExpenseNet
ABBV,2019,2019-12-31,7606,1484,5.75749,12983,25660,-1551,7882,7882,2019-12-31,8426,544,5407,33266,6942,12677,-3006
ABBV,2018,2018-12-31,7557,1546,6.27662,6383,25196,-1168,5687,5773,2018-12-31,5197,-576,5229,32753,7399,18813,-18
ABBV,2017,2017-12-31,7158,1603,3.94326,9592,21058,-1442,5309,5709,2017-12-31,7727,2018,4982,28216,6275,11466,-423
ABBV,2016,2016-12-31,5814,1631,3.77219,9384,19824,-1268,5953,5953,2016-12-31,7884,1931,4366,25638,5855,10440,-232
ABBV,2015,2015-12-31,4500,1637,3.32098,7537,18359,-879,5144,5144,2015-12-31,6645,1501,4101,22859,6387,10822,-13
ABBV,2014,2014-12-31,4426,1610,1.3205,3411,15534,-1069,1774,1774,2014-12-31,2369,595,3297,19960,7724,12123,27
ABBV,2013,2013-12-31,4581,1604,2.8,5664,14209,-333,4128,4128,2013-12-31,5332,1204,2840,18790,5352,8545,1
ABBV,2012,2012-12-31,4508,1577,3.68,5817,13872,-101,5275,5275,2012-12-31,5725,450,2582,18380,4989,8055,9
ABBV,2011,2011-12-31,4597,1581,2.75,3621,12847,30,3433,3433,2011-12-31,3669,235,2503,17444,5845,9226,18
ABBV,2010,2010-12-31,4287,1581,2.93,4717,11351,30,4178,4178,2010-12-31,4835,658,2369,15638,3805,6634,89
ABBV,2009,2009-12-31,4056,1581,3.06,4932,10158,-19,4637,4637,2009-12-31,5950,1314,1707,14214,3322,5226,1037
ACHC,2019,2019-12-31,,87.816,1.99144,323.082,,-187.094,108.923,110.122,2019-12-31,135.988,25.866,,3107.462,2163.453,2784.38,
ACHC,2018,2018-12-31,,87.288,0.93296,16.456,,-185.41,-175.75,-175.886,2018-12-31,-168.954,6.932,,3012.442,2086.369,2995.986,
ACHC,2017,2017-12-31,,87.06,2.28156,412.805,,-176.007,199.835,179.389,2017-12-31,236.798,57.409,,2836.316,1923.597,2423.511,
ACHC,2016,2016-12-31,,85.972,1.82086,213.757,,-180.802,6.143,4.176,2016-12-31,32.955,28.779,,2810.914,1918.113,2597.157,
ACHC,2015,2015-12-31,,68.391,2.1125,273.421,,-108.668,112.554,111.365,2015-12-31,164.753,53.388,,1794.492,1203.386,1521.071,
ACHC,2014,2014-12-31,,55.327,1.66714,159.113,,-32.959,83.04,83.232,2014-12-31,126.154,42.922,,1004.601,688.517,845.488,
ACHC,2013,2013-12-31,,50.3,1.07,106.5,,-37.3,42.6,43.3,2013-12-31,69.2,26,,713.4,492.8,606.9,
ACHC,2012,2012-12-31,,38.7,0.66,62.6,,-29.8,20.4,20.5,2012-12-31,32.8,12.3,,407.5,286,344.9,
ACHC,2011,2011-12-31,,18.8,-0.33,-29.3,,-9.2,-34.9,-33.2,2011-12-31,-38.5,-5.3,,216.5,179.8,245.8,
ACHC,2010,2010-12-31,,17.6,0.51,7.9,,-0.7,6.2,6.7,2010-12-31,7.2,0.5,,62.1,45.4,54.2,
ACHC,2009,2009-12-31,,17.6,0.16,3.6,,-0.8,2.9,2.8,2009-12-31,2.8,0.1,,49.4,38.1,45.8,
ACHC,2008,2008-12-31,,17.4,-0.09,-0.8,,-0.7,-1.7,-1.6,2008-12-31,-1.5,0,,31.5,24.7,32.4,
ACHC,2007,2007-12-31,,17.7,-0.32,-4.7,,-1,-10.9,-5.7,2007-12-31,-5.7,0,,24.5,20.9,29.2,
AMGN,2019,2019-12-31,4356,609,12.94308,9674,19006,-536,7842,7842,2019-12-31,9138,1296,4116,23362,5150,9332,
AMGN,2018,2018-12-31,4101,665,13.0087,10343,19646,-798,8394,8394,2018-12-31,9545,1151,3737,23747,5332,9303,
AMGN,2017,2017-12-31,4069,735,11.41218,9973,18780,-376,1979,8079,2017-12-31,9597,1518,3562,22849,4870,8807,
AMGN,2016,2016-12-31,4162,754,10.23467,9794,18829,-631,7722,7722,2016-12-31,9163,1441,3840,22991,5062,9035,
AMGN,2015,2015-12-31,4227,766,9.13215,8470,17435,-492,6939,6939,2015-12-31,7978,1039,4070,21662,4846,8965,
AMGN,2014,2014-12-31,4422,770,7.15,6191,15641,-606,5158,5158,2014-12-31,5585,427,4297,20063,4699,9450,77
AMGN,2013,2013-12-31,3346,765,7.02,5867,15330,-602,5081,5081,2013-12-31,5265,184,4083,18676,4969,9463,113
AMGN,2012,2012-12-31,2907,787,5.97,5577,14358,-568,4345,4345,2012-12-31,5009,664,3330,17265,3178,8781,56
AMGN,2011,2011-12-31,2420,912,5.06,4312,13162,-162,3683,3683,2011-12-31,4150,467,3139,15582,3119,8850,7
AMGN,2010,2010-12-31,2220,965,5.07,5545,12833,-228,4627,4627,2010-12-31,5317,690,2894,15053,2680,7288,-1
AMGN,2009,2009-12-31,2091,1021,4.69,5506,12551,-302,4605,4605,2009-12-31,5204,599,2864,14642,2579,7045,9
AMGN,2008,2008-12-31,2296,1075,4.19,5214,12707,36,4196,4196,2008-12-31,5250,1054,3030,15003,3861,7493,
AMGN,2007,2007-12-31,2548,1123,3.86,3980,12223,-19,3166,3166,2007-12-31,3961,795,3266,14771,3412,8243,
AMGN,2006,2006-12-31,2095,1190,3.51,3840,12173,180,2950,2950,2006-12-31,4020,1070,3366,14268,3427,8333,
AMGN,2005,2005-12-31,2082,1258,2.95,4848,10348,20,3674,3674,2005-12-31,4868,1194,2314,12430,2848,5500,
AMGN,2004,2004-12-31,1731,1320,2.23,3348,8819,47,2363,2363,2004-12-31,3395,1032,2028,10550,2581,5471,0
AMGN,2003,2003-12-31,1341,1346,1.69,3091,7015,82,2260,2260,2003-12-31,3173,914,1655,8356,1953,3924,-24
AMGN,2002,2002-12-31,736,1154,1.39,-785,4787,100,-1392,-1392,2002-12-31,-685,707,1117,5523,1462,5572,-141
AMGN,2001,2001-12-31,443,1084,1.03,1531,3573,155,1120,1120,2001-12-31,1686,567,865,4016,971,2042,203
AMGN,2000,2000-12-31,408,1085,1.08,1544,3221,130,1139,1139,2000-12-31,1674,536,845,3629,827,1677,-49
AMGN,1999,1999-12-31,402,1078,1.02,1493,2938,73,1096,1096,1999-12-31,1566,470,823,3340,654,1445,-49
AMGN,1998,1998-12-31,345,1057,0.82,1189,2373,36,863,863,1998-12-31,1224,361,663,2718,515,1185,-23
AMGN,1997,1997-12-31,301,1099,0.59,793,2100,69,644,644,1997-12-31,861,217,631,2401,484,1308,157
AMGN,1996,1996-12-31,283,1124,0.61,905,1957,57,680,680,1996-12-31,962,283,528,2240,471,1052,0
AMGN,1995,1995-12-31,273,1141,0.47,744,1667,51,538,538,1995-12-31,794,257,452,1940,418,923,0
AMGN,1994,1994-12-31,238,1129,0.39,579,1410,9,320,320,1994-12-31,588,269,324,1648,360,831,0
AMGN,1993,1993-12-31,220,1155,0.32,584,1154,8,383,375,1993-12-31,592,218,255,1374,328,570,-14
AMGN,1992,1992-12-31,185,1182,0.3,511,908,52,358,358,1992-12-31,563,206,182,1093,292,397,-77
AMGN,1991,1991-12-31,113,1188,0.08,117,569,41,98,98,1991-12-31,158,60,121,682,203,452,129
AMGN,1990,1990-12-31,61,1058,0.04,10,238,15,4,4,1990-12-31,24,20,72,299,101,228,0
AMGN,1989,1989-12-31,17,819,0,10,130,2,4,4,1989-12-31,11,7,63,148,58,121,0
AMGN,1988,1989-03-31,1,807,-0.01,-5,70,-2,-8,-8,1989-03-31,-7,1,51,70,23,74,0
AMGN,1987,1988-03-31,0,832,0,-6,44,8,2,2,1988-03-31,2,0,39,44,10,50,0
AMGN,1986,1987-03-31,,717,0,2,,0,1,1,1987-03-31,2,1,24,35,7,33,
AMGN,1985,1986-03-31,0,559,0,-1,21,2,1,1,1986-03-31,1,0,17,21,5,22,0
AMGN,1984,1985-03-31,0,518,-0.01,-10,7,2,-8,-8,1985-03-31,-8,0,14,7,3,17,0
AMGN,1983,1984-03-31,0,431,-0.01,-8,3,3,-5,-5,1984-03-31,-5,0,9,3,2,11,0
AMGN,1982,1983-03-31,0,111,-0.06,-8,0,1,-7,-7,1983-03-31,-7,0,7,0,1,9,0
AMN,2019,2019-12-31,1478.642,47.593,2.39506,176.915,743.465,-28.427,113.988,113.988,2019-12-31,148.488,34.5,,2222.107,508.03,566.55,
AMN,2018,2018-12-31,1439.691,48.668,2.91241,202.828,696.383,-16.143,141.741,141.741,2018-12-31,186.685,44.944,,2136.074,452.318,493.55500000000006,
AMN,2017,2017-12-31,1344.035,49.43,2.39771,212.44,644.419,-19.677,132.558,118.519,2017-12-31,192.763,74.244,,1988.454,399.7,431.9789999999998,
AMN,2016,2016-12-31,1282.501,49.267,2.14825,191.632,619.724,-15.465,105.838,105.838,2016-12-31,176.167,70.329,,1902.225,398.472,428.0920000000001,
AMN,2015,2015-12-31,993.702,48.843,1.67662,128.879,469.363,-7.79,81.891,81.891,2015-12-31,121.089,39.198,,1463.065,319.531,340.4839999999999,
AMN,2014,2014-12-31,719.91,48.086,0.72744,64.79,316.117,-6.124,33.217,33.217,2014-12-31,58.666,25.449,,1036.027,232.221,251.327,
AMN,2013,2013-12-31,714.5,47.8,0.69,65.1,297.3,-9.2,32.9,32.9,2013-12-31,55.8,22.9,,1011.8,218.2,232.20000000000005,
AMN,2012,2012-12-31,683.6,46.7,0.45,43.5,270.4,-16.2,17.1,16.3,2012-12-31,27.3,11,,954,202.9,226.79999999999995,
AMN,2011,2011-12-31,638.1,46,0.15,37.6,249.3,-23.7,-26.3,5,2011-12-31,13.9,8.9,,887.5,195.3,211.69999999999993,
AMN,2010,2010-12-31,497.7,34.8,-0.37,-42.5,191.5,-19.8,-52,-52,2010-12-31,-62.3,-10.3,,689.2,168.1,234.00000000000006,
AMN,2009,2009-12-31,555.4,32.6,0.05,-153.6,204.4,-12,-122.2,-122.2,2009-12-31,-165.6,-43.4,,759.8,157.2,358,
AMN,2008,2008-12-31,900.2,33.8,1.02,71.9,317,-10.7,34.4,34.4,2008-12-31,61.2,26.8,,1217.2,230.7,245.0999999999999,
AMN,2007,2007-12-31,860.9,34.9,1.05,73.2,303.2,-12.5,36.5,36.5,2007-12-31,60.8,24.3,,1164,218.3,229.89999999999998,
AMN,2006,2006-12-31,792.4,34.5,1.02,73.5,289.3,-16.7,35.1,35.1,2006-12-31,56.8,21.7,,1081.7,205.5,215.80000000000007,
AMN,2005,2005-12-31,535.6,32.1,0.69,46.7,170.2,-9.6,22.2,22.2,2005-12-31,37.2,14.9,,705.8,117.3,123.5,
AMN,2004,2004-12-31,484.7,31.4,0.55,36.3,144.4,-8.4,17.3,17.3,2004-12-31,27.9,10.6,,629,102.2,108.00000000000006,
AMN,2003,2003-12-31,552.1,39.8,0.95,64,162.2,-2.3,37.8,37.8,2003-12-31,61.7,23.9,,714.2,93.4,98.10000000000002,
AMN,2002,2002-12-31,586.9,46.8,1.12,86.3,188.8,0.3,52.4,52.4,2002-12-31,86.6,34.3,,775.7,98.7,102.5,
AMN,2001,2001-12-31,388.3,30.6,0.14,11,129.5,-13.9,-4.4,-4.4,2001-12-31,-2.9,1.5,,517.8,105.3,118.5,
AMN,2000,2000-12-31,170.6,22.5,-0.17,4.4,60.2,-10,-3.9,-3.9,2000-12-31,-5.6,-1.7,,230.8,52.4,55.80000000000001,
AMN,1999,1999-12-31,111.8,21.7,-0.24,-1.1,34.7,-5.4,-5.6,-5.6,1999-12-31,-6.5,-0.9,,146.5,33.1,35.8,
AMN,1998,1998-12-31,67.2,17.8,0.09,6.3,20.5,-3.1,1.6,1.6,1998-12-31,3.2,1.6,,87.7,12.8,14.200000000000003,
AMN,1997,1997-12-31,53.6,17.8,0.23,4.6,15.2,-0.4,4,4,1997-12-31,4.2,0.2,,68.8,10.4,10.600000000000001,
AMN,1996,1996-12-31,36.3,17.8,0.25,4.6,11.7,0,4.5,4.5,1996-12-31,4.7,0.2,,48,7,7,
BAX,2019,2019-12-31,6541,519,2.84008,1017,4821,-124,1001,817,2019-12-31,970,153,508,11362,2397,3804,77
BAX,2018,2018-12-31,6305,546,2.4359,1607,4794,-28,1546,1345,2018-12-31,1617,272,599,11099,2387,3187,38
BAX,2017,2017-12-31,6083,555,2.49009,1253,4501,-152,602,1194,2017-12-31,1100,-94,617,10584,2419,3248,-1
BAX,2016,2016-12-31,5929,551,3.03267,4979,4234,-22,4965,4966,2016-12-31,4954,-12,502,10163,2370,-745,-3
BAX,2015,2015-12-31,5832,549,1.35141,322,4136,-106,968,393,2015-12-31,428,35,602,9968,2832,3814,212
BAX,2014,2014-12-31,6191,547,1.0179,631,4528,-145,2497,457,2014-12-31,490,33,608,10719,3182,3897,4
BAX,2013,2013-12-31,7519,549,4.72,2638,7740,-128,2012,2012,2013-12-31,2549,537,1070,15259,3360,5102,39
BAX,2012,2012-12-31,6889,556,4.87,2691,7301,-87,2326,2326,2012-12-31,2889,563,1015,14190,3085,4610,285
BAX,2011,2011-12-31,6847,573,4.58,2809,7046,,2224,2256,2011-12-31,2809,553,946,13893,2937,4237,27
BAX,2010,2010-12-31,6885,594,3.69,1890,5958,,1420,1427,2010-12-31,1890,463,915,12843,2782,4068,53
BAX,2009,2009-12-31,6037,614,3.84,2734,6525,,2205,2215,2009-12-31,2734,519,917,12562,2682,3791,42
BAX,2008,2008-12-31,6218,637,3.18,2549,6130,-72,2014,2014,2008-12-31,2451,437,868,12348,2698,3581,-26
BAX,2007,2007-12-31,5744,654,2.68,2182,5519,-52,1707,1707,2007-12-31,2114,407,760,11263,2521,3337,-16
BAX,2006,2006-12-31,5641,656,2.14,1833,4737,-72,1397,1398,2006-12-31,1746,348,614,10378,2282,2904,-15
BAX,2005,2005-12-31,5756,629,1.41,1639,4093,-118,956,958,2005-12-31,1444,486,533,9849,2030,2454,-77
BAX,2004,2004-12-31,5594,618,1.82,606,3915,-99,388,383,2004-12-31,430,47,517,9509,1960,3309,-77
BAX,2003,2003-12-31,4951,606,1.94,1258,3953,-87,866,907,2003-12-31,1129,222,553,8904,1805,2695,-42
BAX,2002,2002-12-31,4318,618,1.97,1540,3792,-51,778,1033,2002-12-31,1397,364,501,8110,1562,2252,-92
BAX,2001,2001-12-31,4227,609,1.84,1024,3436,-69,612,664,2001-12-31,964,300,427,7663,1469,2412,9
BAX,2000,2000-12-31,3833,597,1.73,1011,3063,-85,740,738,2000-12-31,946,208,379,6896,1385,2052,20
BAX,1999,1999-12-31,3568,590,1.35,1150,2812,-87,797,779,1999-12-31,1052,273,332,6380,1311,1662,-11
BAX,1998,1998-12-31,3623,578,1.14,694,2976,-161,315,315,1998-12-31,549,234,379,6599,1426,2282,16
BAX,1997,1997-12-31,3340,564,1.24,653,2798,-163,300,300,1997-12-31,523,223,392,6138,1356,2145,33
BAX,1996,1996-12-31,3009,554,1.1,911,2429,-103,669,575,1996-12-31,793,218,340,5438,1142,1518,-15
BAX,1995,1995-12-31,2777,564,0.96,615,2271,-96,649,371,1995-12-31,524,153,345,5048,1084,1656,5
BAX,1994,1994-12-31,6032,560,1.53,1023,3292,,789,789,1994-12-31,994,205,343,9324,1859,2269,-29
BAX,1993,1993-12-31,5657,554,0.85,-91,3222,-192,-198,-268,1993-12-31,-330,-62,337,8879,1879,3313,-47
BAX,1992,1992-12-31,5230,558,1.13,1045,3241,,441,561,1992-12-31,753,192,317,8471,1812,2196,-292
BAX,1991,1991-12-31,5651,570,1.11,1088,3270,,591,591,1991-12-31,805,214,289,8921,1825,2182,-283
BAX,1990,1990-12-31,5197,506,0.83,362,2903,,40,40,1990-12-31,105,65,261,8100,1647,2541,-257
BAX,1989,1989-12-31,4754,566,1.37,766,2645,,730,730,1989-12-31,921,191,245,7399,1566,1879,155
BAX,1988,1988-12-31,4367,558,1.21,677,2494,,630,630,1988-12-31,760,130,238,6861,1511,1817,83
BAX,1987,1987-12-31,3981,484,1.12,624,2242,,542,534,1987-12-31,657,123,199,6223,1351,1618,33
BAX,1986,1986-12-31,3526,540,0.4,425,2017,,444,181,1986-12-31,260,79,203,5543,1331,1592,-165
BAX,1985,1985-12-31,1433,354,0.44,234,922,,137,137,1985-12-31,169,32,128,2355,529,688,-65
BAX,1984,1984-12-31,1042,282,0.44,84,758,,29,29,1984-12-31,24,-5,111,1800,418,674,-60
BAX,1983,1983-12-31,986,282,0.94,317,857,,265,265,1983-12-31,317,52,108,1843,432,540,0
BMY,2019,2019-12-31,7804,1712,2.36788,6910,18341,-69,3439,3460,2019-12-31,4975,1515,5845,26145,4870,11431,-1866
BMY,2018,2018-12-31,6436,1637,3.78174,6386,16125,-380,4920,5003,2018-12-31,5968,965,5052,22561,4550,9739,-38
BMY,2017,2017-12-31,5917,1652,3.03729,5244,14859,33,1007,3871,2017-12-31,5131,1260,4823,20776,4687,9615,-146
BMY,2016,2016-12-31,4925,1680,2.38949,5947,14502,15,4457,4507,2016-12-31,5915,1408,4927,19427,4911,8555,-47
BMY,2015,2015-12-31,3825,1679,1.09802,1420,12735,0,1565,1631,2015-12-31,2077,446,5760,16560,4841,11315,461
BMY,2014,2014-12-31,3781,1670,1.41,2376,12098,5,2004,2029,2014-12-31,2381,352,3913,15879,4822,9722,-564
BMY,2013,2013-12-31,4619,1662,1.7,2850,11766,71,2563,2580,2013-12-31,2891,311,3731,16385,4939,8916,-32
BMY,2012,2012-12-31,4610,1688,3.37,2180,13011,107,1960,2501,2012-12-31,2340,-161,3762,17621,5017,10831,-245
BMY,2011,2011-12-31,5598,1717,2.41,6717,15646,227,3709,5260,2011-12-31,6981,1721,3811,21244,5160,8929,-202
BMY,2010,2010-12-31,5277,1727,2.18,5789,14207,243,3102,4513,2010-12-31,6071,1558,3556,19484,4663,8418,-196
BMY,2009,2009-12-31,5140,1978,1.6,4822,13668,420,10612,4420,2009-12-31,5602,1182,3647,18808,5082,8846,-179
BMY,2008,2008-12-31,6396,2001,1.75,4875,14201,437,5247,4151,2008-12-31,5471,1320,3585,20597,6342,9326,-180
BMY,2007,2007-12-31,6218,1980,1.08,2918,13130,343,2165,2731,2007-12-31,3534,803,3282,19348,6320,10212,155
BMY,2006,2006-12-31,5956,1963,0.87,2185,11958,250,1585,2025,2006-12-31,2635,610,3067,17914,6270,9773,69
BMY,2005,2005-12-31,5928,1983,1.41,3814,13279,133,3000,3584,2005-12-31,4516,932,2746,19207,6582,9465,-222
BMY,2004,2004-12-31,5989,1976,1.31,4030,13391,68,2388,2899,2004-12-31,4418,1519,2500,19380,6427,9361,-158
BMY,2003,2003-12-31,7592,1950,1.68,4755,13302,-61,3106,3479,2003-12-31,4694,1215,2279,20894,6076,8547,-56
BMY,2002,2002-12-31,6388,1942,1.57,3027,11731,-410,2066,2212,2002-12-31,2647,435,2218,18119,5218,8704,47
BMY,2001,2001-12-31,5454,1965,2.5,1792,12685,-49,4834,2145,2001-12-31,2218,73,2183,18139,5342,10893,40
BMY,2000,2000-12-31,4759,1997,2.18,5269,13457,49,4711,4096,2000-12-31,5478,1382,1939,18216,5532,8188,209
BMY,1999,1999-12-31,5539,2027,2.06,5790,14683,-23,4167,4167,1999-12-31,5767,1600,1843,20222,6987,8893,63
BMY,1998,1998-12-31,4856,2031,1.84,4134,13428,-67,3141,3141,1998-12-31,4268,1127,1577,18284,6730,9294,-14
BMY,1997,1997-12-31,4464,2042,1.57,4269,12237,-12,3205,3205,1997-12-31,4482,1277,1385,16701,6414,7968,-56
BMY,1996,1996-12-31,3965,2035,1.4,3996,11100,17,2850,2850,1996-12-31,4013,1163,1276,15065,5871,7104,-43
BMY,1995,1995-12-31,3637,2032,1.36,2360,10130,42,1812,1812,1995-12-31,2402,590,1199,13767,5316,7770,-5
BMY,1994,1994-12-31,3122,2040,1.17,2555,8862,,1842,1842,1994-12-31,2555,713,1108,11984,4533,6307,-84
BMY,1993,1993-12-31,3029,2076,1.13,2571,8384,,1959,1959,1993-12-31,2571,612,1128,11413,4353,5813,-168
BMY,1992,1992-12-31,2857,2072,1.07,1987,8299,,1962,1538,1992-12-31,1987,449,1083,11156,4366,6312,-27
BMY,1991,1991-12-31,2930,2084,0.99,2887,8229,,2056,2056,1991-12-31,2887,831,993,11159,4470,5342,-121
BMY,1990,1990-12-31,2874,2100,0.83,2524,7426,,1748,1748,1990-12-31,2524,776,881,10300,4156,4902,-135
BMY,1989,1989-12-31,2418,2092,0.33,1184,6160,,688,688,1989-12-31,1184,496,781,8578,3534,4976,661
BMY,1988,1988-12-31,1804,2102,0.39,1285,4169,,829,829,1988-12-31,1285,456,394,5973,2586,2884,-96
BMY,1987,1987-12-31,1679,2152,0.33,1117,3722,,709,709,1987-12-31,1117,408,342,5401,2383,2605,-120
BMY,1986,1986-12-31,1515,2174,0.27,931,3321,,590,590,1986-12-31,931,341,311,4836,2123,2390,-44
BMY,1985,1985-12-31,1468,2168,0.25,864,2976,,532,532,1985-12-31,864,332,262,4444,1957,2112,-107
BMY,1984,1984-12-31,1409,2152,0.22,781,2780,,473,473,1984-12-31,781,308,212,4189,1848,1999,-61
BMY,1983,1983-12-31,1386,2120,0.19,692,2531,,408,408,1983-12-31,692,284,185,3917,1700,1839,-46
CGIX,2019,2019-12-31,3.701,1.928,-2.56302,-5.703,3.604,-1.173,-6.708,-6.885,2019-12-31,-7.397,-0.512,0,7.305,6.317,9.306999999999999,-0.521
CGIX,2018,2018-12-31,3.09,0.91,-3.01209,-7.689,1.842,3.348,-20.373,-4.205,2018-12-31,-4.205,0,0.154,4.932,7.913,9.531,0.136
CGIX,2017,2017-12-31,18.07,0.6887,-8.24019,-18.622,11.051,-4.029,-20.88,-5.675,2017-12-31,-22.959,-17.284,4.789,29.121,24.884,29.673000000000002,-0.308
CGIX,2016,2016-12-31,17.104,0.52865,-29.89329,-16.724,9.945,1.094,-15.803,-15.803,2016-12-31,-15.803,0,5.967,27.049,20.702,26.669000000000004,-0.173
CGIX,2015,2015-12-31,14.098,0.34323,-58.80565,-21.377,3.942,-0.26,-20.184,-20.184,2015-12-31,-21.368,-1.184,5.483,18.04,19.836,25.319000000000003,0.269
CGIX,2014,2014-12-31,8.45367,0.31494,-52.84448,-19.20908,1.74572,0.01798,-16.64292,-16.64292,2014-12-31,-18.9931,-2.35019,4.62253,10.19939,16.33228,20.9548,0.198
CGIX,2013,2013-12-31,4.92,0.16,-79.57,-8.46,1.69,2.27,-12.37,-12.37,2013-12-31,-13.04,-0.66,2.19,6.61,7.96,10.15,-6.85
CGIX,2012,2012-12-31,3.93,0.04,-149,-7.64,0.37,2.84,-6.67,-6.67,2012-12-31,-6.67,0,2.11,4.3,5.9,8.01,-1.86
CGIX,2011,2011-12-31,3.12,0.17,-115.69,-8.18,-0.1,-11.7,-19.89,-19.89,2011-12-31,-19.89,0,2.07,3.02,6.01,8.079999999999998,0
CGIX,2010,2010-12-31,3.52,0.17,-48.91,-6.32,-0.99,-2.82,-8.41,-8.41,2010-12-31,-8.41,0,1.17,2.52,4.16,5.32,0.73
CGIX,2009,2009-12-31,2.53,0.17,-42.63,-4.29,-0.87,-3.04,-7.33,-7.33,2009-12-31,-7.33,0,1.34,1.67,2.08,3.4200000000000004,0
CGIX,2008,2008-12-31,2.22,0.17,-18.18,-2.88,-0.54,-0.25,-3.12,-3.12,2008-12-31,-3.12,0,0.61,1.68,1.73,2.3399999999999994,0
CGIX,2007,2007-12-31,2.13,0.17,-13.39,-1.96,0.22,-0.06,-2.3,-2.3,2007-12-31,-2.02,0.29,0.25,2.34,1.92,2.17,
CGIX,2006,2006-12-31,0.98,0.17,-5.63,-1.29,-0.15,0.23,-0.97,-0.97,2006-12-31,-1.06,-0.09,0.25,0.83,0.89,1.1400000000000001,
CSII,2020,2020-06-30,48.759,34.27596,-0.71485,-26.772,187.786,-0.233,-27.236,-27.236,2020-06-30,-27.005,0.231,43.355,236.545,169.969,214.558,
CSII,2019,2019-06-30,47.68,33.53576,-0.0076,-0.825,200.337,0.76,-0.255,-0.255,2019-06-30,-0.065,0.19,33.462,248.017,167.7,201.162,
CSII,2018,2018-06-30,39.484,33.61426,0.05093,2.234,177.559,-0.39,1.712,1.712,2018-06-30,1.844,0.132,26.756,217.043,148.569,175.325,
CSII,2017,2017-06-30,39.441,32.37371,-0.05535,-1.542,165.465,-0.117,-1.792,-1.792,2017-06-30,-1.706,0.086,22.911,204.906,144.096,167.007,-0.047
CSII,2016,2016-06-30,35.421,32.53762,-1.51478,-56.077,142.763,0.163,-56.024,-56.024,2016-06-30,-55.932,0.092,25.934,178.184,162.542,198.84,-0.018
CSII,2015,2015-06-30,39.52,31.54771,-1.04039,-32.637,142.024,-0.023,-32.822,-32.822,2015-06-30,-32.822,,30.977,181.544,143.684,174.661,-0.162
CSII,2014,2014-06-30,31,28.3,-1.22,-34.1,105.6,-1.1,-35.3,-35.3,2014-06-30,-35.3,0,21.1,136.6,118,139.8,-0.1
CSII,2013,2013-06-30,24.4,21.7,-1.08,-23,79.5,-0.9,-24,-24,2013-06-30,-24,0,15.2,103.9,86.7,102.5,-0.1
CSII,2012,2012-06-30,19.2,18,-0.93,-14.5,63.3,-1.9,-16.8,-16.8,2012-06-30,-16.8,0,11.4,82.5,66.4,77.8,-0.4
CSII,2011,2011-06-30,16.3,15.9,-0.7,-8.8,62.5,-0.9,-11.1,-11.1,2011-06-30,-11.1,0,8.9,78.8,62.4,71.3,-1.4
CSII,2010,2010-06-30,15,14.7,-1.63,-22.7,49.8,-1,-23.9,-23.9,2010-06-30,-23.9,0,10.3,64.8,62.4,72.6,-0.1
CSII,2009,2009-06-30,16.2,8.1,-0.92,-35.9,40.3,4,-31.9,-31.9,2009-06-30,-31.9,0,14.7,56.5,59.8,76.2,0
CSII,2008,2008-06-30,8.9,4.4,-12.96,-39.4,13.3,0.2,-39.2,-39.2,2008-06-30,-39.2,0,16.1,22.2,35.3,52.7,0
CSII,2007,2007-12-31,,0.3,27.8,2.2,,5.5,7.7,7.7,2007-12-31,7.7,0,43.3,58.6,13,56.3,-0.1
CSII,2006,2006-12-31,,0.1,-249.06,-34.5,,5.9,-29.2,-29.2,2006-12-31,-29.2,0,38.3,16,12.2,50.5,-0.7
CSII,2005,2005-12-31,,0.3,-154.62,-34.1,,0.6,-33.7,-33.7,2005-12-31,-33.7,0,29.2,0.4,5.3,34.5,-0.2
CSII,2004,2004-12-31,,0.3,-84.5,-18.9,,-0.3,-19.2,-19.2,2004-12-31,-19.2,0,16.3,0.8,3,19.7,0
CSII,2003,2003-12-31,,0.3,-57.68,-13.8,,-0.2,-14,-14,2003-12-31,-14,0,12.3,0.7,2.2,14.5,
CPRX,2019,2019-12-31,14.75914,106.02094,0.30065,31.82326,87.5472,,31.87534,31.87534,2019-12-31,33.40903,1.5337,18.84275,102.30634,36.88119,55.72394,1.58577
CPRX,2018,2018-12-31,,102.63388,-0.33131,-35.29517,,0,-34.00351,-34.00351,2018-12-31,-34.00351,0,19.9192,0.5,15.87596,35.79517,1.29165
CPRX,2017,2017-12-31,,85.80249,-0.21459,-18.67964,,-0.1869,-18.41238,-18.41238,2017-12-31,-18.41238,0,11.37524,0,7.3044,18.67964,0.45416
CPRX,2016,2016-12-31,,82.87528,-0.21807,-19.2802,,0.88614,-18.07245,-18.07245,2016-12-31,-18.07245,0,11.36994,0,7.91026,19.2802,0.32161
CPRX,2015,2015-12-31,,80.85839,-0.25023,-20.39835,,0.06501,-20.23296,-20.23296,2015-12-31,-20.23296,0,11.80134,0,8.59701,20.39835,0.10039
CPRX,2014,2014-12-31,,64.1,-0.24,-14.6,,-1,-15.5,-15.5,2014-12-31,-15.5,0,10.1,0,4.5,14.6,0.1
CPRX,2013,2013-12-31,,45.5,-0.27,-10.3,,-1.9,-12.2,-12.2,2013-12-31,-12.2,0,8.1,0,2.2,10.3,0
CPRX,2012,2012-12-31,,30,-0.14,-5.2,,1.1,-4.1,-4.1,2012-12-31,-4.1,0,2.7,0,2.6,5.2,0
CPRX,2011,2011-12-31,,21.7,-0.29,-6.1,,-0.3,-6.4,-6.4,2011-12-31,-6.4,0,3.4,0,2.7,6.1,0
CPRX,2010,2010-12-31,,18.6,-0.22,-4,,0,-4,-4,2010-12-31,-4,0,2.3,0.5,2.2,4.5,0
CPRX,2009,2009-12-31,,15.1,-0.48,-7.3,,0,-7.2,-7.2,2009-12-31,-7.2,0,5.1,0,2.2,7.3,0
CPRX,2008,2008-12-31,,13,-0.81,-10.9,,,-10.6,-10.6,2008-12-31,-10.6,0,8.7,0,2.2,10.9,0.3
CPRX,2007,2007-12-31,,12.5,-0.33,-5,,,-4.1,-4.1,2007-12-31,-4.1,0,3,0,2,5,0.9
CPRX,2006,2006-12-31,,7.7,-0.35,-2.9,,,-2.7,-2.7,2006-12-31,-2.7,0,1.1,0,1.8,2.9,0.2
CPRX,2005,2005-12-31,,6.2,-0.29,-1.8,,,-1.8,-1.8,2005-12-31,-1.8,0,1.3,0,0.5,1.8,0
CPRX,2004,2004-12-31,,2.9,-0.19,-0.5,,,-0.5,-0.5,2004-12-31,-0.5,0,0.4,0,0.2,0.5,0
CPRX,2003,2003-12-31,,6.3,-0.07,-0.4,,,-0.4,-0.4,2003-12-31,-0.4,0,0.2,0,0.3,0.4,0
CNC,2019,2019-12-31,61327,420.409,4.6098,1751,13312,-412,1321,1309,2019-12-31,1782,473,,74639,10917,11561,443
CNC,2018,2018-12-31,49152,398.506,2.94883,1458,10964,-343,900,894,2018-12-31,1368,474,,60116,8874,9506,253
CNC,2017,2017-12-31,39698,353.404,2.18692,1199,8684,-255,828,683,2017-12-31,1134,451,,48382,7213,7485,190
CNC,2016,2016-12-31,32961,327.95081,1.70452,1260,7646,-217,562,558,2016-12-31,1157,599,,40607,6239,6386,114
CNC,2015,2015-12-31,19078,246.13274,1.44637,705,3682,-43,355,358,2015-12-31,697,339,,22760,2977,2977,35
CNC,2014,2014-12-31,14084,241,1.11,464,2476,-35,271,261,2014-12-31,457,196,,16560,2012,2012,28
CNC,2013,2013-12-31,9322,225,0.72,277,1542,-27,165,162,2013-12-31,269,107,,10863,1264,1264,18
CNC,2012,2012-12-31,7534,215,0.09,-27,1134,15,2,-11,2012-12-31,-12,0,,8668,1133,1161,
CNC,2011,2011-12-31,4403,210,0.55,182,938,-7,111,108,2011-12-31,175,67,,5341,747,756,
CNC,2010,2010-12-31,3578,202,0.45,157,870,-3,95,94,2010-12-31,154,60,,4448,713,713,
CNC,2009,2009-12-31,3224,177,0.49,138,879,-1,84,89,2009-12-31,138,49,,4103,740,741,
CNC,2008,2008-12-31,2697,178,0.47,132,667,5,83,84,2008-12-31,137,52,,3365,536,536,
CNC,2007,2007-12-31,2386,179,0.23,54,533,10,73,41,2007-12-31,64,22,,2919,479,479,
CNC,2006,2006-12-31,1881,173,0.05,-29,398,7,-44,-44,2006-12-31,-22,22,,2279,346,427,
CNC,2005,2005-12-31,1233,180,0.31,79,273,7,56,56,2005-12-31,86,30,,1506,194,194,
CNC,2004,2004-12-31,809,174,0.25,65,192,6,44,44,2004-12-31,70,26,,1001,128,127,
CNC,2003,2003-12-31,635,154,0.22,47,135,5,33,32,2003-12-31,52,20,,770,88,88,
CNC,2002,2002-12-31,380,140,0.18,32,82,10,26,26,2002-12-31,41,16,,461,50,50,
CNC,2001,2001-12-31,270,96,0.13,18,56,4,13,13,2001-12-31,22,9,,327,38,38,
CNC,2000,2000-12-31,182,82,0.09,7,39,1,8,8,2000-12-31,7,-1,,221,32,33,
CNC,1999,1999-12-31,178,11,-0.55,-7,23,1,-9,-5,1999-12-31,-5,0,,201,30,30,
CNC,1998,1998-12-31,132,13,-0.39,-7,18,1,-7,-5,1998-12-31,-6,-2,,150,25,25,
CNC,1997,1997-12-31,96,13,-0.04,-1,19,0,-1,-1,1997-12-31,-1,0,,115,20,20,
CNC,1996,1996-12-31,60,40,0.04,2,13,0,2,2,1996-12-31,2,1,,73,11,11,
ENDP,2019,2019-12-31,1569.338,226.05,-0.44612,216.874,1345.026,-546.327,-422.636,-360.584,2019-12-31,-344.904,15.68,130.732,2914.364,632.42,1128.1519999999998,-15.451
ENDP,2018,2018-12-31,1631.682,223.96,-1.38476,-423.974,1315.396,-521.338,-1031.469,-956.103,2018-12-31,-938.832,17.271,185.826,2947.078,646.037,1739.3700000000001,6.48
ENDP,2017,2017-12-31,2228.53,223.198,-0.84326,-1011.799,1240.328,-486.325,-2035.433,-1268.927,2017-12-31,-1483.004,-214.077,172.067,3468.858,629.874,2252.127,15.12
ENDP,2016,2016-12-31,2634.973,222.651,-2.80104,-3471.515,1375.301,-454.48,-3347.066,-3223.772,2016-12-31,-3923.856,-700.084,183.372,4010.274,770.728,4846.816,2.139
ENDP,2015,2015-12-31,2075.651,197.1,3.3657,-1007.328,1193.067,-353.373,-1495.042,-300.399,2015-12-31,-1437.864,-1137.465,102.197,3268.718,741.304,2200.3950000000004,-77.163
ENDP,2014,2014-12-31,1231.497,146.896,1.21433,299.865,1149.186,-208.735,-721.319,61.608,2014-12-31,99.875,38.267,112.708,2380.683,567.986,849.3210000000001,8.745
GILD,2019,2019-12-31,4675,1277,4.30525,4287,17774,227,5386,5364,2019-12-31,5160,-204,8934,22449,4381,13487,646
GILD,2018,2018-12-31,4853,1308,4.26568,8200,17274,-964,5455,5464,2018-12-31,7799,2335,4846,22127,4056,9074,563
GILD,2017,2017-12-31,4371,1319,7.82584,14124,21736,-1190,4628,10136,2017-12-31,13529,3393,3512,26107,3830,7612,595
GILD,2016,2016-12-31,4261,1358,10.42516,17633,26129,-790,13501,13488,2016-12-31,17097,3609,4266,30390,3398,8496,254
GILD,2015,2015-12-31,4006,1521,11.90313,22193,28633,-558,18108,18106,2015-12-31,21659,3553,3018,32639,3426,6440,24
GILD,2014,2014-12-31,3788,1647,7.4,15265,21102,-284,12101,12059,2014-12-31,14856,2797,2737,24890,2983,5837,-125
GILD,2013,2013-12-31,2859,1695,1.84,4524,8343,-322,3075,3057,2013-12-31,4208,1151,2056,11202,1694,3819,6
GILD,2012,2012-12-31,2471,1583,1.64,4010,7231,-370,2592,2574,2012-12-31,3612,1038,1760,9703,1461,3221,-28
GILD,2011,2011-12-31,2124,1580,1.81,3790,6261,-205,2804,2789,2011-12-31,3651,862,1192,8385,1205,2472,67
GILD,2010,2010-12-31,1870,1747,1.74,3962,6080,-109,2901,2890,2010-12-31,3914,1024,923,7949,1018,2117,60
GILD,2009,2009-12-31,1596,1868,1.44,3529,5416,-70,2636,2626,2009-12-31,3502,876,914,7011,912,1886,42
GILD,2008,2008-12-31,1127,1918,1.04,2679,4209,-65,1979,1970,2008-12-31,2673,702,722,5336,797,1530,59
GILD,2007,2007-12-31,769,1929,0.82,2165,3461,-63,1585,1576,2007-12-31,2211,635,591,4230,706,1297,110
GILD,2006,2006-12-31,433,1836,0.2,-759,2593,-14,-1190,-1190,2006-12-31,-638,552,384,3026,574,3352,135
GILD,2005,2005-12-31,260,1897,0.43,1111,1768,4,814,814,2005-12-31,1162,348,278,2028,379,657,47
GILD,2004,2004-12-31,167,1857,0.25,627,1158,6,449,449,2004-12-31,656,207,224,1325,307,530,23
GILD,2003,2003-12-31,113,1609,0.16,-159,755,-22,-72,-72,2003-12-31,-168,-96,182,868,233,914,13
GILD,2002,2002-12-31,70,1652,0.04,81,397,-30,72,72,2002-12-31,73,1,142,467,174,316,22
GILD,2001,2001-12-31,44,1619,-0.03,-121,190,-5,52,53,2001-12-31,57,4,186,234,125,310,26
GILD,2000,2000-12-31,34,1457,-0.03,-52,162,-4,-57,-40,2000-12-31,-39,1,132,196,82,214,18
GILD,1999,1999-12-31,30,1370,-0.05,-71,139,-7,-66,-62,1999-12-31,-61,1,111,169,99,210,16
GILD,1998,1998-12-31,23,1312,-0.05,-80,128,-7,-45,-44,1998-12-31,-43,1,125,151,82,208,22
GILD,1997,1997-12-31,22,1262,-0.05,-88,111,-5,-73,-73,1997-12-31,-73,0,112,132,71,198,21
GILD,1996,1996-12-31,1,889,-0.02,-36,33,-1,-22,-22,1996-12-31,-22,0,42,33,27,68,15
GILD,1995,1995-12-31,0,681,-0.04,-32,3,-1,-27,-27,1995-12-31,-27,0,26,3,9,35,5
GILD,1994,1995-03-31,0,607,-0.05,-35,5,-1,-31,-31,1995-03-31,-31,0,30,5,10,40,5
GILD,1993,1994-03-31,0,601,-0.04,-30,4,0,-26,-26,1994-03-31,-26,0,26,4,8,34,4
GILD,1992,1993-03-31,0,514,-0.03,-18,4,0,-14,-14,1993-03-31,-14,0,18,4,4,22,4
GILD,1991,1992-03-31,0,358,-0.01,-6,3,0,-5,-5,1992-03-31,-5,0,7,3,2,9,2
GILD,1990,1991-03-31,0,319,-0.01,-5,1,0,-4,-4,1991-03-31,-4,0,5,1,1,6,1
GMED,2019,2019-12-31,179.975,101.998,1.55987,171.989,605.393,17.481,155.21,155.21,2019-12-31,189.946,34.736,60.073,785.368,354.757,433.404,0.476
GMED,2018,2018-12-31,159.41,101.316,1.60631,169.325,553.559,13.638,156.474,156.474,2018-12-31,188.605,32.131,55.496,712.969,311.591,384.23400000000004,5.642
GMED,2017,2017-12-31,150.453,97.887,1.23947,161.84,485.524,7.517,107.348,118.348,2017-12-31,169.928,51.58,43.679,635.977,267.817,323.68399999999997,0.571
GMED,2016,2016-12-31,134.705,96.432,1.11629,154.141,429.289,2.575,104.341,104.341,2016-12-31,157.279,52.938,44.532,563.994,222.156,275.148,0.563
GMED,2015,2015-12-31,132.333,96.073,1.12016,172.222,412.42,0.145,112.784,112.784,2015-12-31,172.805,60.021,36.312,544.753,210.241,240.198,0.438
GMED,2014,2014-12-31,110.857,95.457,1.00847,138.362,363.514,-0.094,92.485,92.485,2014-12-31,138.642,46.157,31.687,474.371,187.798,225.15200000000002,0.374
HBIO,2019,2019-12-31,51.654,37.814,-0.08338,0.377,64.522,-5.41,-4.687,-4.687,2019-12-31,-5.502,-0.815,10.715,116.176,45.324,64.14500000000001,-0.469
HBIO,2018,2018-12-31,53.793,36.453,0.01045,-2.416,66.981,-5.219,-2.922,-4.299,2018-12-31,-7.975,-3.676,10.988,120.774,45.825,69.39699999999999,-0.34
HBIO,2017,2017-12-31,38.237,34.753,0.03289,-0.635,39.17,-1.247,-0.865,1.143,2017-12-31,-2.621,-3.764,5.645,77.407,32.607,39.805,-0.739
HBIO,2016,2016-12-31,56.106,34.21152,-0.09242,-2.897,48.415,0.098,-4.307,-4.307,2016-12-31,-3.078,1.229,5.392,104.521,41.436,51.312000000000005,-0.279
HBIO,2015,2015-12-31,59.941,33.593,-0.52829,-2.913,48.723,-0.636,-19.039,-19.039,2015-12-31,-3.608,15.431,6.42,108.664,40.409,51.635999999999996,-0.059
HBIO,2014,2014-12-31,59.319,33.23657,0.07434,6.618,49.344,-1.066,2.355,2.355,2014-12-31,4.417,2.062,4.88,108.663,35.051,42.726,-1.135
HBIO,2013,2013-12-31,57.5,30.4,0.07,1.5,47.7,-1.1,-1.8,0.7,2013-12-31,0.4,-0.3,4.2,105.2,37.3,46.099999999999994,-0.1
HBIO,2012,2012-12-31,58.8,29.8,0.16,7.8,52.3,-0.7,2.4,4.5,2012-12-31,6.9,2.4,4.3,111.2,37.1,44.5,-0.3
HBIO,2011,2011-12-31,58.7,29.8,0.19,8.4,50.2,-0.7,3.8,5.3,2011-12-31,6.9,1.6,3.9,108.9,34.7,41.8,-0.8
HBIO,2010,2010-12-31,56.4,29.4,0.66,10.6,51.8,-0.7,19,19,2010-12-31,9.6,-9.5,4.7,108.2,34.1,41.1,-0.4
HBIO,2009,2009-12-31,44.1,29.9,0.19,10.7,41.7,-0.6,7.2,7.1,2009-12-31,9.8,2.7,4.4,85.8,26.9,30.999999999999993,-0.3
HBIO,2008,2008-12-31,45.9,31.4,0.21,8.5,42.2,0,1.7,5.4,2008-12-31,7.7,2.2,4,88,26.1,33.699999999999996,-0.9
HBIO,2007,2007-12-31,43.2,31.4,0.24,9.5,40.2,0,-1.4,7.6,2007-12-31,9.6,2,3.7,83.4,25.2,30.700000000000003,0
HBIO,2006,2006-12-31,38.1,31.1,0.21,8.7,38.1,-0.2,-2.3,6.6,2006-12-31,8.4,1.8,3.2,76.2,24.5,29.4,-0.1
HBIO,2005,2005-12-31,34.2,30.8,0.2,7.9,33.3,-0.7,-31.9,6.2,2005-12-31,7.1,0.9,3,67.4,20.7,25.299999999999997,0
HBIO,2004,2004-12-31,33.3,31.1,0.15,8.4,31.4,-0.6,2.3,4.5,2004-12-31,7.6,3.1,3,64.7,18.5,23.1,-0.1
HBIO,2003,2003-12-31,27.4,30.7,0.12,7.2,24.6,-0.2,4.3,3.6,2003-12-31,6.2,2.5,2,52,14.5,17.5,-0.8
HBIO,2002,2002-12-31,28.8,27.6,0.1,1.6,28.6,0.7,0.7,0.7,2002-12-31,2.4,1.6,4.1,57.4,18.9,26.900000000000002,0
HBIO,2001,2001-12-31,20.2,25.8,0.09,-4.7,20.7,1.3,-5.2,-5.2,2001-12-31,-3.4,1.8,3.2,40.9,14.5,25.3,0
HBIO,2000,2000-12-31,16.1,8,-6.17,-10.4,14.5,-38,-49.9,-49.9,2000-12-31,-48.5,1.4,1.5,30.6,22.8,24.9,-0.1
HBIO,1999,1999-12-31,13.5,5.6,-5.22,1.2,12.6,-30.4,-29.4,-29.4,1999-12-31,-29.3,0.1,1.2,26.2,9.9,11.5,-0.1
HBIO,1998,1998-12-31,5.4,5.6,0,2.4,6.8,-1.6,0.1,0.1,1998-12-31,0.9,0.8,0.3,12.2,4,4.299999999999999,0
HBIO,1997,1997-12-31,5.1,17.5,0.06,2.1,6.3,-0.4,1.1,1.1,1997-12-31,1.8,0.7,0.2,11.5,4,4.200000000000001,0.1
HBIO,1996,1996-12-31,4.1,10.3,0.04,1,4.1,-0.1,0.5,0.5,1996-12-31,0.9,0.4,0.2,8.2,2.9,3.1000000000000005,0
ILMN,2019,2019-12-29,1076,149,6.40391,1039,2467,75,1002,990,2019-12-29,1118,128,647,3543,835,1428,4
ILMN,2018,2018-12-30,1033,149,5.61745,883,2300,8,826,793,2018-12-30,894,101,623,3333,794,1417,3
ILMN,2017,2017-12-31,908,148,6.04229,606,1844,435,726,828,2017-12-31,1043,215,541,2752,674,1238,2
ILMN,2016,2017-01-01,731.925,148.04,3.08392,587.032,1666.448,-23.382,462.649,428.09,2017-01-01,561.178,133.088,504.415,2398.373,583.005,1079.416,-2.472
ILMN,2015,2016-01-03,670.472,149.069,3.15029,612.841,1549.29,-21.496,461.559,457.39,2016-01-03,583.142,125.752,401.527,2219.762,524.657,936.4490000000001,-8.203
ILMN,2014,2014-12-28,563.6,149,2.02,514.7,1297.7,-33.4,353.4,353.4,2014-12-28,448.8,95.4,386.5,1861.4,463.5,782.9999999999999,-32.6
ILMN,2013,2013-12-29,509.3,139.9,1.57,134.1,911.9,26.6,125.3,125.3,2013-12-29,159.3,34,276.2,1421.2,368,777.8,-1.3
ILMN,2012,2012-12-30,375,133.7,1.06,200.8,773.5,-21.6,151.3,151.3,2012-12-30,222.6,71.4,231,1148.5,286,572.8,-2.5
ILMN,2011,2012-01-01,346.4,138.9,1.06,199.5,709.1,-27.7,86.6,86.6,2012-01-01,133,46.4,196.9,1055.5,261.8,509.70000000000005,-38.7
ILMN,2010,2011-01-02,301.2,143.4,0.85,211.7,601.5,-16.2,124.9,124.9,2011-01-02,185.4,60.5,177.9,902.7,220.5,389.90000000000003,-10.1
ILMN,2009,2010-01-03,212.4,137.1,0.58,125.6,453.9,-12.7,72.3,72.3,2010-01-03,114.1,41.8,140.6,666.3,176.3,328.30000000000007,1.2
ILMN,2008,2008-12-28,216.1,133.6,0.41,80.5,357.2,-9.7,39.4,39.4,2008-12-28,72.7,33.3,100,573.2,148,276.70000000000005,1.9
ILMN,2007,2007-12-30,134.9,108.3,-0.5,-301.2,231.9,-2.3,-287.3,-287.3,2007-12-30,-303.5,-16.2,73.9,366.8,101.3,533.1,0
ILMN,2006,2006-12-31,59.3,97.5,0.41,37.8,125.2,4.8,40,40,2006-12-31,42.6,2.7,33.4,184.6,54.1,87.50000000000001,
ILMN,2005,2006-01-01,23.2,80.3,-0.13,-21.4,50.3,0.7,-20.9,-20.9,2006-01-01,-20.7,0.2,27.8,73.5,28.2,71.7,
ILMN,2004,2005-01-02,13.3,71.7,-0.12,-5.5,37.3,-0.6,-6.2,-6.2,2005-01-02,-6.1,0.1,21.5,50.6,25.6,42.8,
ILMN,2003,2003-12-28,10,63.9,-0.41,-26.6,18,-0.4,-27.1,-27.1,2003-12-28,-27.1,0,22.5,28,21.4,44.7,
ILMN,2002,2002-12-29,3.5,61.8,-0.52,-41.9,6.5,1.5,-40.3,-40.3,2002-12-29,-40.3,0,26.8,10,13.5,48.4,
ILMN,2001,2001-12-30,0.6,59.5,-0.42,-30.3,1.9,5.5,-24.8,-24.8,2001-12-30,-24.8,0,20.7,2.5,11.5,32.199999999999996,
ILMN,2000,2000-12-31,,27.1,-0.69,-23.2,,4.6,-18.6,-18.6,2000-12-31,-18.6,0,13.6,1.3,11,24.5,
ILMN,1999,1999-12-31,,2.8,-1.96,-5.9,,0.4,-5.5,-5.5,1999-12-31,-5.5,0,4.1,0.5,2.3,6.4,
ILMN,1998,1998-12-31,,1.3,-0.86,-1.2,,0,-1.1,-1.1,1998-12-31,-1.1,0,0.8,0,0.4,1.2,
JNJ,2019,2019-12-29,27456,2684.3,7.87,17328,54603,,15119,15119,2019-12-29,17328,2209,11355,82059,22178,37275,
JNJ,2018,2018-12-30,26986,2728.7,6.92185,17999,54595,,15297,15297,2018-12-30,17999,2702,10775,81581,22540,36596,
JNJ,2017,2017-12-31,25351,2745.3,6.22994,17673,51099,,1300,14300,2017-12-31,17673,3373,10594,76450,21520,33426,
JNJ,2016,2017-01-01,21640,2788.9,6.38758,19803,50250,,16540,16540,2017-01-01,19803,3263,9095,71890,19945,30447,
JNJ,2015,2016-01-03,21455,2812.9,5.07562,19196,48619,,15409,15409,2016-01-03,19196,3787,9047,70074,21203,29423,
JNJ,2014,2014-12-28,22746,2864,6.06,20563,51585,,16323,16323,2014-12-28,20563,4240,8494,74331,21954,31022,-75
JNJ,2013,2013-12-29,21659,2877,6.22,15471,49653,,13831,13831,2013-12-29,15471,1640,8187,71312,21830,34182,2564
JNJ,2012,2012-12-30,21658,2813,4.74,13775,45566,,10853,10514,2012-12-30,13775,3261,7666,67224,20869,31791,-113
JNJ,2011,2012-01-01,20273,2775,5.32,12361,44757,,9672,9672,2012-01-01,12361,2689,7548,65030,20969,32396,2743
JNJ,2010,2011-01-02,18792,2789,4.75,16947,42795,,13334,13334,2011-01-02,16947,3613,6844,61587,19424,25848,-651
JNJ,2009,2010-01-03,18447,2789,4.59,15755,43450,,12266,12266,2010-01-03,15755,3489,6986,61897,19801,27695,-526
JNJ,2008,2008-12-28,18511,2836,4.63,16929,45236,,12949,12949,2008-12-28,16929,3980,7577,63747,21490,28307,-1015
JNJ,2007,2007-12-30,17751,2911,4.11,13283,43344,,10576,10576,2007-12-30,13283,2707,7680,61095,20451,30061,534
JNJ,2006,2006-12-31,15057,2961,3.92,14587,38267,,11053,11053,2006-12-31,14587,3534,7125,53324,17433,23680,-671
JNJ,2005,2006-01-01,13954,3013,3.58,13656,36560,,10411,10411,2006-01-01,13656,3245,6312,50514,16877,22904,-214
JNJ,2004,2005-01-02,13422,3004,2.84,12838,33926,,8509,8509,2005-01-02,12838,4329,5203,47348,15860,21088,15
JNJ,2003,2003-12-28,12176,3008,2.7,10308,29686,,7197,7197,2003-12-28,10308,3111,4684,41862,14131,19378,-385
JNJ,2002,2002-12-29,10447,3054,2.23,9291,25851,,6597,6597,2002-12-29,9291,2694,3957,36298,12216,16560,294
JNJ,2001,2001-12-31,9536,3099,1.92,8045,23468,,5815,5815,2001-12-31,8045,2230,3591,33004,11992,15423,38
JNJ,2000,2000-12-31,8861,2835,1.71,6622,20278,,4800,4800,2000-12-31,6622,1822,2926,29139,10875,13656,67
JNJ,1999,2000-01-02,8442,2836,1.47,5753,19029,,4167,4167,2000-01-02,5753,1586,2600,27471,10503,13276,222
JNJ,1998,1999-01-03,7496,2743,1.32,4269,16161,,3059,3059,1999-01-03,4269,1210,2269,23657,8907,11892,151
JNJ,1997,1997-12-28,7152,2740,1.21,4576,15477,,3303,3303,1997-12-28,4576,1273,2140,22629,8715,10901,129
JNJ,1996,1996-12-29,7018,2719,1.06,4033,14602,,2887,2887,1996-12-29,4033,1146,1905,21620,8394,10569,284
JNJ,1995,1995-12-31,6235,2635,0.91,3317,12607,,2403,2403,1995-12-31,3317,914,1634,18842,7462,9290,166
JNJ,1994,1995-01-01,5299,2594,0.77,2681,10435,,2006,2006,1995-01-01,2681,675,1278,15734,6350,7754,44
JNJ,1993,1994-01-02,4791,2761,0.65,2332,9347,,1787,1787,1994-01-02,2332,545,1182,14138,5771,7015,16
JNJ,1992,1993-01-03,4678,2638,0.62,2207,9075,,1030,1625,1993-01-03,2207,582,1127,13753,5671,6868,39
JNJ,1991,1991-12-29,4204,2665,0.55,2038,8243,,1461,1461,1991-12-29,2038,577,980,12447,5099,6205,85
JNJ,1990,1990-12-31,3937,2664,0.46,1623,7295,,1143,1143,1990-12-31,1623,480,834,11232,4469,5672,162
JNJ,1989,1989-12-31,3480,2665,0.41,1514,6277,,1082,1082,1989-12-31,1514,432,719,9757,3897,4763,93
JNJ,1988,1988-12-31,3292,2725,0.36,1396,5708,,974,974,1988-12-31,1396,422,674,9000,3630,4312,-24
JNJ,1987,1987-12-31,2958,2762,0.3,1193,5054,,833,833,1987-12-31,1193,360,617,8012,3228,3861,-5
JNJ,1986,1986-12-31,2630,2854,0.28,392,4538,,331,331,1986-12-31,392,61,521,7168,2868,4146,
JNJ,1985,1985-12-31,2594,2926,0.21,900,3983,,614,614,1985-12-31,900,286,471,6577,2516,3083,
JNJ,1984,1984-12-31,2469,2998,0.17,756,3778,,515,515,1984-12-31,756,241,421,6247,2488,3022,
JNJ,1983,1983-12-31,2472,3048,0.16,724,3633,,489,489,1983-12-31,724,235,405,6105,2353,2909,
MRK,2019,2019-12-31,13156,2580,5.36077,11603,33684,-810,9843,9894,2019-12-31,11464,1570,9696,46840,10581,22081,671
MRK,2018,2018-12-31,13065,2679,4.11896,8299,29229,10,6220,6482,2018-12-31,8701,2219,7854,42294,10067,20930,392
MRK,2017,2017-12-31,12640,2748,3.99281,6021,27482,-116,2394,5043,2017-12-31,6521,1478,7495,40122,10028,21461,616
MRK,2016,2016-12-31,13502,2787,6.11554,4848,26305,-496,3920,3941,2016-12-31,4659,718,6519,39807,9844,21457,307
MRK,2015,2015-12-31,14528,2841,4.79373,5519,24970,-983,4442,4459,2015-12-31,5401,942,6565,39498,9799,19451,615
MRK,2014,2014-12-31,15186,2928,2.77,16833,27051,877,11920,11934,2014-12-31,17283,5349,6447,42237,11172,10218,-427
MRK,2013,2013-12-31,16954,2996,5.43,5956,27079,-594,4404,4517,2013-12-31,5545,1028,7123,44033,11672,21123,183
MRK,2012,2012-12-31,16446,3076,3.61,9213,30821,-25,6168,6299,2012-12-31,8739,2440,7911,47267,12414,21608,-449
MRK,2011,2011-12-31,16871,3094,4.25,7670,31176,-83,6272,6392,2011-12-31,7334,942,7742,48047,13336,23506,-253
MRK,2010,2010-12-31,18396,3120,2.46,2370,27591,-259,861,982,2010-12-31,1653,671,8122,45987,12617,25221,-458
MRK,2009,2009-12-31,9019,2273,3.71,9807,18409,2000,12901,13024,2009-12-31,15292,2268,5613,27428,8173,8602,3485
MRK,2008,2008-12-31,5583,2145,4.07,4929,18268,2793,7808,7808,2008-12-31,9808,1999,4677,23850,7377,13338,2085
MRK,2007,2007-12-31,6141,2193,3.94,319,18057,3388,3275,3275,2007-12-31,3371,95,4558,24198,7557,17738,-336
MRK,2006,2006-12-31,6001,2188,2.09,3424,16635,2709,4434,4434,2006-12-31,6221,1788,4726,22636,8165,13211,89
MRK,2005,2005-12-31,5150,2200,2.2,5415,16862,1829,4631,4631,2005-12-31,7364,2733,3829,22012,7156,11447,121
MRK,2004,2004-12-31,4960,2226,2.61,6468,17979,1033,5813,5813,2004-12-31,7975,2161,4010,22939,7346,11511,473
MRK,2003,2003-12-31,4315,2253,2.97,8186,18171,460,6831,6590,2003-12-31,9052,2462,3178,22486,6395,9985,405
MRK,2002,2002-12-31,33054,2277,3.23,9454,18737,681,7150,7150,2002-12-31,10214,3064,2677,51790,6187,9283,79
MRK,2001,2001-12-31,28977,2322,3.28,9438,18739,715,7282,7282,2001-12-31,10403,3121,2456,47716,6224,9301,250
MRK,2000,2000-12-31,22444,2353,3.03,8780,17920,786,6822,6822,2000-12-31,9824,3002,2344,40363,6168,9139,258
MRK,1999,1999-12-31,17534,2405,2.6,7321,15180,837,5891,5891,1999-12-31,8620,2729,2068,32714,5200,7859,462
MRK,1998,1998-12-31,13925,2441,2.12,7322,12973,1031,5248,5248,1998-12-31,8133,2885,1821,26898,4511,5651,-220
MRK,1997,1997-12-31,11790,2470,1.89,5748,11847,838,4614,4614,1997-12-31,6462,1848,1684,23637,4299,6099,-124
MRK,1996,1996-12-31,9319,2490,1.64,4841,10510,695,3881,3881,1996-12-31,5541,1660,1487,19829,3841,5669,5
MRK,1995,1995-12-31,7456,2539,1.26,4820,9225,446,3335,3335,1995-12-31,4797,1462,1331,16681,3298,4406,-469
MRK,1994,1994-12-31,5963,2552,1.25,4304,9007,60,2997,2997,1994-12-31,4415,1418,1231,14970,3178,4703,51
MRK,1993,1993-12-31,2498,2313,1.18,3060,8001,-40,2166,2166,1993-12-31,3103,937,1173,10498,2914,4940,82
MRK,1992,1992-12-31,2096,2307,1.06,3492,7566,26,1984,2447,1992-12-31,3564,1117,1112,9663,2963,4075,46
MRK,1991,1991-12-31,1935,2361,0.9,3110,6668,-21,2122,2122,1991-12-31,3167,1045,988,8603,2570,3558,78
MRK,1990,1990-12-31,1778,2368,0.75,2651,5893,-22,1781,1781,1990-12-31,2699,918,854,7672,2388,3242,70
MRK,1989,1989-12-31,1550,2402,0.62,2236,5000,-12,1495,1495,1989-12-31,2283,788,751,6551,2013,2764,58
MRK,1988,1988-12-31,1526,2398,0.5,1864,4413,3,1207,1207,1988-12-31,1871,664,669,5940,1880,2549,4
MRK,1987,1987-12-31,1444,2482,0.37,1369,3617,,906,906,1987-12-31,1405,499,566,5061,1682,2248,36
MRK,1986,1986-12-31,1338,2551,0.26,1041,2791,,676,676,1986-12-31,1073,398,480,4129,1270,1750,32
MRK,1985,1985-12-31,1272,2565,0.21,840,2275,,540,540,1985-12-31,857,317,426,3548,1009,1436,17
MRK,1984,1984-12-31,1425,2644,0.19,797,2135,,493,493,1984-12-31,787,294,393,3560,946,1338,-10
MRK,1983,1983-12-31,1263,2662,0.17,722,1983,,451,451,1983-12-31,696,245,356,3246,905,1262,-26
MYGN,2020,2020-06-30,186.1,74.3,-1.81285,-231.7,452.5,-7.8,-199.5,-199.6,2020-06-30,-223.3,-23.7,77.2,638.6,510.1,684.1999999999999,16.2
MYGN,2019,2019-06-30,201,76,0.26664,7.6,650.1,-8.8,4.6,4.4,2019-06-30,0,-4.4,68.6,851.1,548.7,642.5,1.2
MYGN,2018,2018-06-30,177.2,72,1.40694,121.9,566.5,-1.4,133.3,101.1,2018-06-30,120.1,19,70.8,743.7,435,444.59999999999997,-0.4
MYGN,2017,2017-06-30,171.2,68.8,0.25291,44,557.5,-4.8,17.4,17.2,2017-06-30,36.2,19,74.4,728.7,439.9,513.5,-3
MYGN,2016,2016-06-30,157.3,73.4,1.59673,153.4,583.2,0.6,117.2,117.2,2016-06-30,156,38.8,70.6,740.5,359.2,429.8,2
MYGN,2015,2015-06-30,147.4,74.5,1.07651,134.2,575.7,0.4,80.2,80.2,2015-06-30,134.9,54.7,75.5,723.1,366,441.5,0.3
MYGN,2014,2014-06-30,109.2,78.2,2.25,274.4,669,5.4,176.2,176.2,2014-06-30,277.9,101.6,67.5,778.2,327.1,394.6,-2
MYGN,2013,2013-06-30,79.6,83.3,1.77,228,533.5,5.5,147.1,147.1,2013-06-30,233.3,86.1,53.7,613.2,251.8,305.6,-0.2
MYGN,2012,2012-06-30,64.7,86.5,1.3,180.3,431.3,4.6,112.2,112.2,2012-06-30,184.5,72.4,42.6,496,208.4,251,-0.4
MYGN,2011,2011-06-30,46.7,91.7,1.1,157.8,355.4,2.2,100.7,100.7,2011-06-30,159.7,58.9,27.8,402.1,169.8,197.60000000000002,-0.4
MYGN,2010,2010-06-30,44.3,99.2,1.54,135.1,318.4,5.7,152.3,152.3,2010-06-30,140.8,-11.5,21.9,362.6,161.4,183.3,0.1
MYGN,2009,2009-06-30,43.3,98.6,1.38,126.5,283.3,12.5,84.6,136.3,2009-06-30,136.4,0.2,17.9,326.5,138.9,156.8,-2.5
MYGN,2008,2008-06-30,32.3,93.4,0.8,61.6,190.5,13.7,47.8,74.4,2008-06-30,75,0.6,18.5,222.9,110.4,129,-0.3
MYGN,2007,2007-06-30,30.8,86.4,0.52,32.3,114.5,12.1,-35,45.1,2007-06-30,45.1,0,11.6,145.3,70.5,82.2,0.7
MYGN,2006,2006-06-30,27.6,75.4,0.28,13.9,73,7.4,-38.2,21.3,2006-06-30,21.3,0,12.6,100.6,46.5,59.1,0
MYGN,2005,2005-06-30,20.3,61.4,-0.06,-4.2,51,2.8,-40,-3.4,2005-06-30,-3.4,0,11.6,71.3,43.6,55.2,-2
MYGN,2004,2004-06-30,13.8,54.7,-0.74,-42.6,42.9,2,-40.6,-40.6,2004-06-30,-40.6,0,50.7,56.6,34.8,85.5,0
MYGN,2003,2003-06-30,12.6,51.5,-0.48,-27.3,51.8,2.9,-24.8,-24.8,2003-06-30,-24.4,0.4,47.6,64.3,31.5,79.10000000000001,0
MYGN,2002,2002-06-30,10.7,47.3,-0.3,-18.7,43.1,5.4,-14,-14,2002-06-30,-13.5,0.5,36.3,53.8,25.5,61.8,-0.2
MYGN,2001,2001-06-30,7.4,45.6,-0.16,-13.1,37.8,6.9,-7.2,-7.2,2001-06-30,-6.6,0.6,33.8,45.2,17.1,50.9,-0.3
MYGN,2000,2000-06-30,4,40.4,-0.22,-11.5,30,3.2,-8.7,-8.7,2000-06-30,-8.7,0,28.1,34,13.5,41.6,-0.4
MYGN,1999,1999-06-30,3.1,37.6,-0.27,-12.3,22.2,2.3,-10,-10,1999-06-30,-10,0,23.5,25.3,11.1,34.5,0
MYGN,1998,1998-06-30,1.4,37.2,-0.26,-13,21.8,3.2,-9.8,-9.8,1998-06-30,-9.8,0,23,23.2,11.8,34.800000000000004,0
MYGN,1997,1997-06-30,0.3,35.6,-0.26,-12.4,14.9,3.3,-9.2,-9.2,1997-06-30,-9.2,0,18.6,15.2,8.8,27.4,-0.1
MYGN,1996,1996-06-30,0,30.4,-0.19,-8.9,6.6,3.1,-5.9,-5.9,1996-06-30,-5.9,0,13,6.6,2.5,15.5,-0.1
MYGN,1995,1995-06-30,0,17.7,-0.3,-5.7,1.3,-0.1,-5.3,-5.3,1995-06-30,-5.3,0,5.2,1.3,1.8,7,0.5
MYGN,1994,1994-06-30,0,16.4,-0.2,-3.6,0.6,,-3.3,-3.3,1994-06-30,-3.3,0,3,0.6,1.2,4.2,0.3
MYGN,1993,1993-06-30,0,11.3,-0.04,-0.6,0.6,0,-0.4,-0.4,1993-06-30,-0.4,0,0.8,0.6,0.3,1.1,0.1
MYGN,1992,1992-06-30,0,4.6,-0.01,-0.1,0,0,-0.1,-0.1,1992-06-30,-0.1,0,0,0,0,0.1,0
MYGN,1991,1991-06-30,0,3.8,-0.01,0,0,,0,0,1991-06-30,0,0,0,0,0,0,0
PFE,2019,2019-12-31,10011,5675,2.39242,18700,41739,-1049,16273,15976,2019-12-31,17682,1706,7984,51750,14039,23039,
PFE,2018,2018-12-31,11128,5977,2.45357,12215,42519,-402,11153,10383,2018-12-31,11885,1502,8006,53647,14453,30304,
PFE,2017,2017-12-31,10838,6058,2.31727,12989,41708,-972,21309,11954,2017-12-31,12305,351,7657,52546,14784,28719,
PFE,2016,2016-12-31,11925,6159,2.10748,9004,40899,-824,7214,7228,2016-12-31,8351,1123,7872,52824,14837,31895,
PFE,2015,2015-12-31,9573,6257,1.55282,10329,39278,-1597,6960,6974,2015-12-31,8964,1990,7690,48851,14809,28949,
PFE,2014,2014-12-31,9524,6424,1.66,12726,40081,-776,9135,9119,2014-12-31,12238,3119,8393,49605,14097,27355,-1106
PFE,2013,2013-12-31,9470,6895,1.7,15917,42114,-980,22003,11410,2013-12-31,15716,4306,6678,51584,14347,26197,-527
PFE,2012,2012-12-31,11036,7508,1.86,13169,47950,-1141,14570,9518,2012-12-31,12080,2562,7342,58986,16467,34781,-205
PFE,2011,2011-12-31,14278,7870,1.75,14493,53147,-1731,10009,8739,2011-12-31,12762,4023,8433,67425,19368,38654,-396
PFE,2010,2010-12-31,15753,8074,2.35,11257,52056,-1835,8257,8298,2010-12-31,9422,1124,9379,67809,19387,40799,-709
PFE,2009,2009-12-31,8744,7045,2.09,12094,41265,-1267,8635,8630,2009-12-31,10827,2197,7767,50009,14693,29171,-182
PFE,2008,2008-12-31,7367,6750,2.51,10256,40929,-562,8104,8049,2008-12-31,9694,1645,7512,48296,14124,30673,-639
PFE,2007,2007-12-31,11239,6939,1.53,9718,37179,-440,8144,8255,2007-12-31,9278,1023,7673,48418,15626,27461,-110
PFE,2006,2006-12-31,7640,7274,1.81,13545,40731,-517,19337,11036,2006-12-31,13028,1992,7423,48371,15589,27186,-554
PFE,2005,2005-12-31,8525,7411,1.5,12022,42773,-488,8085,8110,2005-12-31,11534,3424,7442,51298,16997,30751,23
PFE,2004,2004-12-31,7541,7614,1.86,14366,44975,-359,11361,11342,2004-12-31,14007,2665,7684,52516,16903,30609,-290
PFE,2003,2003-12-31,9832,7286,1.09,3553,35356,-290,3910,1642,2003-12-31,3263,1621,7131,45188,15622,31803,-242
PFE,2002,2002-12-31,4045,6241,1.58,12075,28328,-279,9126,9187,2002-12-31,11796,2609,5176,32373,10846,16253,-61
PFE,2001,2001-12-31,5034,6361,1.32,10651,27225,-322,7788,7768,2001-12-31,10329,2561,4847,32259,11299,16574,184
PFE,2000,2000-12-31,4907,6368,0.91,6213,24667,-432,3726,3732,2000-12-31,5781,2049,4435,29574,11442,18454,-76
PFE,1999,1999-12-31,5464,6317,0.79,7346,21912,-401,4952,4977,1999-12-31,6945,1968,4036,27376,10810,14566,152
PFE,1998,1998-12-31,2094,6362,0.31,2737,11450,-143,3351,1952,1998-12-31,2594,642,2279,13544,5808,8713,732
PFE,1997,1997-12-31,2274,6297,0.35,3237,10230,-149,2213,2223,1997-12-31,3088,865,1928,12504,4956,6993,171
PFE,1996,1996-12-31,2176,6107,0.32,2974,9130,-170,1929,1935,1996-12-31,2804,869,1684,11306,4366,6156,
PFE,1995,1995-12-31,2164,6014,0.26,2504,7857,-205,1573,1561,1995-12-31,2299,738,1442,10021,3855,5353,
PFE,1994,1994-12-31,1919,5948,0.22,1862,6363,,1298,1303,1994-12-31,1862,559,1139,8281,3251,4501,111
PFE,1993,1993-12-31,1772,6073,0.2,958,5706,-107,658,660,1993-12-31,851,191,974,7478,3066,4748,119
PFE,1992,1992-12-31,2024,6289,0.16,1454,5206,81,811,1096,1992-12-31,1535,439,863,7230,2899,3753,100
PFE,1991,1991-12-31,2201,6289,0.15,880,4749,64,722,725,1991-12-31,944,218,757,6950,2739,3869,74
PFE,1990,1990-12-31,2259,4051,0.2,1236,4147,-133,801,805,1990-12-31,1103,298,640,6406,2453,2911,12
PFE,1989,1989-12-31,2062,4078,0.17,1043,3609,-126,681,685,1989-12-31,917,231,531,5672,2110,2567,131
PFE,1988,1988-12-31,2020,4070,0.2,1186,3365,-83,791,794,1988-12-31,1104,309,473,5385,1881,2179,8
PFE,1987,1987-12-31,1897,4099,0.17,1074,3023,-63,690,694,1987-12-31,1011,317,401,4920,1681,1949,-10
PFE,1986,1986-12-31,1720,4109,0.16,1020,2756,-56,660,664,1986-12-31,965,301,336,4476,1460,1736,37
PFE,1985,1985-12-31,1546,4104,0.14,960,2479,-78,580,585,1985-12-31,881,296,287,4025,1312,1519,24
PFE,1984,1984-12-31,1524,4015,0.13,901,2331,-94,508,514,1984-12-31,807,293,252,3855,1245,1430,28
PFE,1983,1983-12-31,1543,3989,0.11,796,2207,-95,447,453,1983-12-31,700,248,227,3750,1222,1411,41
PBH,2020,2020-03-31,401.587,51.14,2.94164,289,561.423,-96.224,142.281,142.281,2020-03-31,191.151,48.87,,963.01,236.306,272.423,-2.025
PBH,2019,2019-03-31,420.001,52.068,2.22584,67.503,555.776,-105.082,-35.8,-35.8,2019-03-31,-38.055,-2.255,,975.777,227.849,488.273,-0.476
PBH,2018,2018-03-31,460.974,53.526,2.6896,212.573,580.205,-105.879,339.57,71.27,2018-03-31,107.086,35.816,,1041.179,229.979,367.632,0.392
PBH,2017,2017-03-31,381.774,53.362,2.11276,204.223,500.286,-93.343,69.395,69.395,2017-03-31,110.85,41.455,,882.06,201.472,296.063,-0.03
PBH,2016,2016-03-31,339.036,53.143,2.12363,242.345,467.211,-85.16,99.907,99.907,2016-03-31,157.185,57.278,,806.247,180.82,224.86600000000004,
PBH,2015,2015-03-31,308.4,52.67,1.49247,207.559,406.223,-81.234,78.26,78.26,2015-03-31,127.458,49.198,,714.623,179.224,198.66400000000004,0
PBH,2014,2014-03-31,261.8,52.3,1.64,170.3,340.1,-68.6,72.6,72.6,2014-03-31,101.7,29.1,,601.9,137.9,169.8,
PBH,2013,2013-03-31,276.4,51.4,1.29,190.4,347.2,-84.4,65.5,65.5,2013-03-31,106,40.5,,623.6,142.1,156.8,
PBH,2012,2012-03-31,213.7,50.7,0.97,102.5,227.4,-41.3,37.2,37.2,2012-03-31,61.2,23.9,,441.1,113.8,124.90000000000003,
PBH,2011,2011-03-31,165.6,50.3,0.68,75.8,170.9,-27.3,29.2,29.2,2011-03-31,48.5,19.3,,336.5,84.9,95.1,
PBH,2010,2010-03-31,144.6,50.1,0.69,76,157.4,-22.9,32.1,31.3,2010-03-31,53.1,21.8,,302,65.4,81.4,0
PBH,2009,2009-03-31,149.4,49.9,-0.49,-167.5,163.3,-28.4,-186.8,-186.8,2009-03-31,-196,-9.2,,312.7,70,330.79999999999995,0
PBH,2008,2008-03-31,158.1,50,0.68,91.4,168.5,-37.4,33.9,33.9,2008-03-31,54.2,20.3,,326.6,66.1,77.1,0.2
PBH,2007,2007-03-31,153.1,50,0.72,94.7,165.5,-39.5,36.1,36.1,2007-03-31,55.2,19.1,,318.6,60.4,70.9,0
PBH,2006,2006-03-31,139.4,50,0.67,83.9,157.2,-36.3,26.3,26.3,2006-03-31,47.6,21.3,,296.7,53.2,73.4,0
PBH,2005,2005-03-31,139,27.5,-0.02,63.5,150.1,-44.7,10.2,10.2,2005-03-31,18.8,8.6,,289.1,49.9,86.6,
PBH,2004,2004-03-31,36.3,26.6,0.2,16.8,51.3,-9.9,4.2,4.2,2004-03-31,6.9,2.7,,87.5,25.4,34.8,0
PBH,2003,2003-03-31,27.5,50,0.07,16.7,48.6,-9.7,-14.4,3,2003-03-31,6.9,3.9,,76,26.3,32.3,0
PBH,2002,2002-03-31,18.7,50,0.04,9.7,27,-8.8,0.6,0.6,2002-03-31,0.9,0.3,,45.7,13.8,17.8,
REGN,2019,2019-12-31,782.2,114.6,18.46248,2209.8,7081.2,88.1,2115.8,2115.8,2019-12-31,2429.1,313.3,3036.6,7863.4,1834.8,4871.400000000001,131.2
REGN,2018,2018-12-31,434.1,114.8,20.70035,2534.4,6276.7,13.7,2444.4,2376.4,2018-12-31,2553.5,177.1,2186.1,6710.8,1556.2,3742.2999999999997,5.4
REGN,2017,2017-12-31,397.061,115.954,13.14927,2079.591,5475.166,-25.119,1198.511,1524.711,2017-12-31,2078.511,553.8,2075.142,5872.227,1320.433,3395.575,24.039
REGN,2016,2016-12-31,299.694,116.367,7.7,1330.741,4560.733,-7.195,895.522,895.522,2016-12-31,1329.815,434.293,2052.295,4860.427,1177.697,3229.992,6.269
REGN,2015,2015-12-31,392.709,115.23,5.60498,1233.055,3711.019,-14.241,636.056,636.056,2015-12-31,1225.097,589.041,1620.577,4103.728,838.526,2477.964,6.283
REGN,2014,2014-12-31,205,113.4,3.11,790.5,2614.5,-37.4,338.1,338.1,2014-12-31,761.2,423.1,1271.4,2819.6,519.3,1824.1,8.2
REGN,2013,2013-12-31,155.4,111.3,3.81,760,1949.4,-46.4,424.4,424.4,2013-12-31,713.4,289,859.9,2104.7,329.4,1189.3,-0.2
REGN,2012,2012-12-31,84.5,115.4,6.75,457.7,1294,-45.3,750.3,750.3,2012-12-31,414.4,-335.8,625.6,1378.5,210.8,836.3,2
REGN,2011,2011-12-31,4.2,90.6,-2.45,-205.2,441.6,-21.3,-221.8,-221.8,2011-12-31,-222.9,-1.1,529.5,445.8,117.3,646.8,3.5
REGN,2010,2010-12-31,2.1,82.9,-1.26,-97.5,457,-9.1,-104.5,-104.5,2010-12-31,-104.5,0,489.3,459.1,65.2,554.4,2.1
REGN,2009,2009-12-31,1.7,79.8,-0.85,-74.2,377.6,-2.3,-67.8,-67.8,2009-12-31,-72,-4.1,398.8,379.3,52.9,451.8,4.6
REGN,2008,2008-12-31,0.9,78.8,-0.98,-89.7,237.5,-7.8,-79.1,-79.1,2008-12-31,-76.8,2.4,274.9,238.5,48.9,327.20000000000005,20.7
REGN,2007,2007-12-31,0,66.3,-1.52,-121.3,125,-12,-106.5,-106.5,2007-12-31,-106.5,0,202.5,125,37.9,246.3,26.8
REGN,2006,2006-12-31,8.1,58,-1.78,-107.7,55.3,-12,-102.3,-103.2,2006-12-31,-103.2,0,137.1,63.4,25.9,163,16.5
REGN,2005,2005-12-31,9.6,56,-1.71,-124.4,56.6,-12,-95.4,-95.4,2005-12-31,-95.4,0,155.6,66.2,25.5,181,41
REGN,2004,2004-12-31,15.2,56.2,0.74,5.6,158.8,-12.2,41.7,41.7,2004-12-31,41.7,0,136.1,174,17.1,153.20000000000002,48.2
REGN,2003,2003-12-31,6.7,50.5,-2.13,-100,50.8,-11.9,-107.5,-107.5,2003-12-31,-107.5,0,136,57.5,14.8,150.8,4.5
REGN,2002,2002-12-31,6.5,43.9,-2.83,-122,15.5,-11.9,-124.4,-124.4,2002-12-31,-124.4,0,125,22,12.5,137.5,9.5
REGN,2001,2001-12-31,6.5,42.1,-1.81,-86.7,15.5,-2.7,-76.2,-76.2,2001-12-31,-76.2,0,92.5,22,9.6,102.2,13.2
REGN,2000,2000-12-31,15.6,34.9,-0.62,-25.3,43.7,-4.9,-23.2,-21.7,2000-12-31,-21.7,0,60.6,59.3,8.4,69,8.5
REGN,1999,1999-12-31,3.6,31.3,-0.74,-23.8,30.9,-4.4,-23.1,-23.1,1999-12-31,-23.1,0,48.3,34.5,6.4,54.699999999999996,5.2
REGN,1998,1998-12-31,5,31,-0.28,-12.6,33.3,-2.9,-8.6,-8.6,1998-12-31,-8.6,0,37,38.3,5.8,45.9,6.9
REGN,1997,1997-12-31,2.6,28.7,-0.4,-13.7,24.2,-4.1,-11.6,-11.6,1997-12-31,-11.6,0,27.8,26.9,5.8,37.9,6.2
REGN,1996,1996-12-31,1.1,24.5,-1.33,-21.6,18.6,-15.2,-32.4,-32.4,1996-12-31,-32.4,0,28.3,19.8,5.9,40.199999999999996,4.4
REGN,1995,1995-12-31,0.1,19.8,-1.19,-11.5,24.3,-15,-23.5,-23.5,1995-12-31,-23.5,0,23.3,24.4,5.8,35.8,3
REGN,1994,1994-12-31,,18.9,-1.62,-22,,-11.2,-30.7,-30.7,1994-12-31,-30.7,0,30.9,20.6,7.5,42.6,2.6
REGN,1993,1993-12-31,,16.6,-2.41,-42.3,,-1,-39.9,-39.9,1993-12-31,-39.9,0,39.2,7.1,7.1,49.4,3.5
REGN,1992,1992-12-31,,15.4,-1.24,-23.4,,-0.7,-19.1,-19.1,1992-12-31,-19.1,0,23.1,6.6,4.7,29.9,5
REGN,1991,1991-12-31,,15.4,-0.29,-9.6,,-0.1,-4.5,-4.5,1991-12-31,-4.5,0,12.8,7.3,3.3,16.9,5.2
REGN,1990,1990-12-31,,14.8,-0.22,-4.5,,0,-3.3,-3.3,1990-12-31,-3.3,0,6.3,3.8,1.7,8.3,1.2
REGN,1989,1989-12-31,,14,-0.19,-3.7,,0,-2.7,-2.7,1989-12-31,-2.7,0,3.1,0.5,0.9,4.2,1
REGN,1988,1988-12-31,,10.3,-0.09,-1,,0,-1,-1,1988-12-31,-1,0,0.5,0,0.4,1,0.1
TVTY,2019,2019-12-31,678.057,46.509,-0.3737,-249.843,453.1,-76.566,-286.821,-286.821,2019-12-31,-326.409,-39.588,,1131.157,237.644,702.943,
TVTY,2018,2018-12-31,432.714,43.073,2.27519,133.681,173.585,-8.733,98.803,97.902,2018-12-31,124.948,27.046,,606.299,35.113,39.903999999999996,
TVTY,2017,2017-12-31,395.605,42.547,1.68505,120.396,161.337,-15.613,63.715,68.672,2017-12-31,104.783,36.111,,556.942,34.361,40.940999999999974,
TVTY,2016,2016-12-31,357.12,36.999,1.6305,95.382,143.878,-17.318,-129.111,56.091,2016-12-31,78.064,21.973,,500.998,39.478,48.49599999999998,
TVTY,2015,2015-12-31,318.06,35.832,1.24378,90.915,134.032,-17.996,-30.947,43.634,2015-12-31,72.919,29.285,,452.092,35.546,43.11700000000002,
TVTY,2014,2014-12-31,272.4,35.302,1.31529,87.843,132.863,-17.449,-5.561,42.836,2014-12-31,70.394,27.558,,405.263,32.075,45.02000000000004,
TVTY,2013,2013-12-31,547.4,34.5,-0.27,1.9,115.9,-16.1,-8.5,-8.5,2013-12-31,-14.2,-5.6,,663.3,61.2,114,
TVTY,2012,2012-12-31,533.9,33.8,0.27,28.9,143.3,-14.1,8,8,2012-12-31,14.7,6.7,,677.2,60.9,114.39999999999998,
TVTY,2011,2011-12-31,510.7,33.7,-0.97,-129.1,178,-13.2,-157.7,-157.7,2011-12-31,-142.3,15.4,,688.8,64.8,307.2,
TVTY,2010,2010-12-31,493.7,34.9,1.53,90.8,226.6,-13,47.3,47.3,2010-12-31,77.8,30.4,,720.3,72.8,135.90000000000003,
TVTY,2009,2009-12-31,523,34.4,0.88,33.6,194.4,-13.1,10.4,10.4,2009-12-31,20.5,10.1,,717.4,71.5,160.79999999999995,
TVTY,2008,2008-12-31,177.7,34,0.2,8.5,67.1,-6.8,0.7,0.7,2008-12-31,1.7,1,,244.7,27.8,58.5,
TVTY,2007,2008-08-31,503.9,36.6,1.5,113.5,232.3,-20.9,54.8,54.8,2008-08-31,92.6,37.7,,736.2,71.3,118.89999999999998,
TVTY,2006,2007-08-31,417.7,37,1.22,93.5,197.9,-18.2,45.1,45.1,2007-08-31,75.3,30.2,,615.6,67.4,104.40000000000003,
TVTY,2005,2006-08-31,281.2,36.4,1.02,62.2,131.1,-1.1,37.2,37.2,2006-08-31,61.2,24,,412.3,44.4,68.90000000000003,
TVTY,2004,2005-08-31,205.3,35.7,0.93,54.8,107.3,,33.1,33.1,2005-08-31,54.8,21.7,,312.5,28.4,52.39999999999998,
TVTY,2003,2004-08-31,156.5,34.6,0.75,43.3,88.9,,26.1,26.1,2004-08-31,43.3,17.2,,245.4,23.7,45.599999999999994,
TVTY,2002,2003-08-31,106.1,33,0.56,31.3,59.3,,18.5,18.5,2003-08-31,31.3,12.8,,165.5,16.5,28.099999999999994,
TVTY,2001,2002-08-31,84.8,32.2,0.32,17.6,37.9,,10.4,10.4,2002-08-31,17.6,7.2,,122.8,12.7,20.400000000000006,
TVTY,2000,2001-08-31,55.5,28.1,0.11,5.7,19.7,,3.2,3.2,2001-08-31,5.7,2.5,,75.1,8.2,14,
TVTY,1999,2000-08-31,41.2,25.9,0.01,0.6,11.8,,0.1,0.1,2000-08-31,0.6,0.5,,53,7.5,11.199999999999996,
TVTY,1998,1999-08-31,35.9,26.8,0.12,5.7,14.1,,3.3,3.3,1999-08-31,5.7,2.4,,50.1,6.6,8.5,
TVTY,1997,1998-08-31,,24.2,-0.1,-3.5,,,-2.3,-2.3,1998-08-31,-3.5,-1.1,,41.2,32.2,44.6,
TVTY,1996,1997-08-31,,24.1,-0.03,-1,,,-1.7,-0.7,1997-08-31,-1,-0.2,,30.5,21.4,31.5,
TVTY,1995,1996-08-31,,24.5,0.1,3,,,3.3,2.5,1996-08-31,3,0.5,,31.4,19.9,28.4,
TVTY,1994,1995-08-31,,24.6,0.13,5.5,,,3.9,3.2,1995-08-31,5.5,2.3,,36.6,18.9,31.1,
TVTY,1993,1994-08-31,,25.4,0.21,8.9,,,5.3,5.3,1994-08-31,8.9,3.6,,41.1,18.7,32.3,
TVTY,1992,1993-08-31,,25.2,0.23,9.6,,,5.5,5.7,1993-08-31,9.6,3.9,,39.7,17,30.1,
TVTY,1991,1992-08-31,,25.1,0.17,7.4,,,4.4,4.4,1992-08-31,7.4,3,,37.1,16.5,29.7,
TVTY,1990,1991-08-31,,19.2,0.11,3.7,,,1.4,2.1,1991-08-31,3.7,1.6,,30.9,14.4,27.2,
TVTY,1989,1990-08-31,,18.8,0.03,0.5,,,-2.3,0.1,1990-08-31,0.5,0.4,,28.8,13.6,28.3,
TVTY,1988,1989-08-31,,18.9,0,0.3,,,2.5,0,1989-08-31,0.3,0.3,,28.7,14.1,28.4,
UNH,2019,2019-12-31,,966,14.32609,19685,,-1704,13839,14239,2019-12-31,17981,3742,,,35193,222470,
UNH,2018,2018-12-31,,983,12.19329,17344,,-1400,11986,12382,2018-12-31,15944,3562,,,34074,208903,
UNH,2017,2017-12-31,,985,9.50051,15209,,-1186,10558,9623,2017-12-31,14023,4400,,,29557,185950,
UNH,2016,2016-12-31,,968,7.24897,12930,,-1067,7017,7073,2016-12-31,11863,4790,,,28401,171910,
UNH,2015,2015-12-31,,967,6.01138,11021,,-790,5813,5868,2015-12-31,10231,4363,,,24312,146086,
UNH,2014,2014-12-31,,986,5.7,10274,,-618,5619,5619,2014-12-31,9656,4037,,,21681,120200,
UNH,2013,2013-12-31,,1023,5.5,9623,,-708,5625,5673,2013-12-31,8915,3242,,,19362,112866,
UNH,2012,2012-12-31,,1046,5.28,9254,,-632,5526,5526,2012-12-31,8622,3096,,,17306,101364,
UNH,2011,2011-12-31,,1087,4.73,8464,,-505,5142,5142,2011-12-31,7959,2817,,,15557,93398,
UNH,2010,2010-12-31,,1131,4.1,7864,,-481,4634,4634,2010-12-31,7383,2749,,,14270,86291,
UNH,2009,2009-12-31,,1179,3.24,6359,,-551,3822,3822,2009-12-31,5808,1986,,,12734,80779,
UNH,2008,2008-12-31,,1241,2.78,5263,,-639,2977,2977,2008-12-31,4624,1647,,,13103,75923,
UNH,2007,2007-12-31,,1361,3.42,7849,,-544,4654,4654,2007-12-31,7305,2651,,,10583,67582,
UNH,2006,2006-12-31,,1402,2.97,6984,,-456,4159,4159,2006-12-31,6528,2369,,,9981,64558,
UNH,2005,2005-12-31,,1330,2.48,5373,,-241,3300,3300,2005-12-31,5132,1832,,,6814,39992,
UNH,2004,2004-12-31,,1310,1.97,4101,,-128,2587,2587,2004-12-31,3973,1386,,,5743,33117,
UNH,2003,2003-12-31,,1234,1.48,2935,,-95,1825,1825,2003-12-31,2840,1015,,,4875,25888,
UNH,2002,2002-12-31,,1272,1.06,2186,,-90,1352,1352,2002-12-31,2096,744,,,4387,22834,
UNH,2001,2001-12-31,,1307,0.7,1566,,-94,913,913,2001-12-31,1472,559,,,3979,21888,
UNH,2000,2000-12-31,,1346,0.55,1200,,-45,736,736,2000-12-31,1155,419,,,3520,19922,
UNH,1999,1999-12-31,,1420,0.4,943,,-49,568,568,1999-12-31,894,326,,,3343,18619,
UNH,1998,1998-12-31,,1525,0.17,-42,,-4,-166,-166,1998-12-31,-46,120,,,2964,17397,
UNH,1997,1997-12-31,,1528,0.28,742,,0,460,460,1997-12-31,742,282,,,2364,11052,
UNH,1996,1996-12-31,,1488,0.22,596,,-1,356,356,1996-12-31,581,225,,,2165,9477,-15
UNH,1995,1995-12-31,,1416,0.27,461,,-1,286,290,1995-12-31,460,170,,,1031,5210,0
UNH,1994,1994-12-31,,1400,0.21,506,,-2,1665,290,1994-12-31,468,178,,,556,3263,-36
UNH,1993,1993-12-31,,1251,0.16,291,,-1,195,195,1993-12-31,305,110,,,409,2236,15
UNH,1992,1992-12-31,,1109,0.1,178,,-1,114,115,1992-12-31,177,62,,,274,1264,
UNH,1991,1991-12-31,,997,0.08,115,,-1,75,75,1991-12-31,114,39,,,184,732,
UNH,1990,1990-12-31,,945,0.04,55,,-3,34,34,1990-12-31,52,18,,,156,550,0
UNH,1989,1989-12-31,,857,0.02,26,,-4,14,14,1989-12-31,22,8,,,135,386,0
UNH,1988,1988-12-31,,515,-0.06,-2,,-5,-37,-36,1988-12-31,-34,2,,,116,442,-28
UNH,1987,1987-12-31,,511,-0.01,-16,,-5,-16,-18,1987-12-31,-21,-3,,,127,456,0
ZGNX,2019,2019-12-31,0,43.078,-3.90141,-429.821,3.648,9.947,-419.503,-419.503,2019-12-31,-419.503,0,115.639,3.648,60.792,433.469,0.371
ZGNX,2018,2018-12-31,0,37.884,-3.26565,-141.175,0,7.333,-123.914,-123.716,2018-12-31,-123.716,0,100.925,0,38.95,141.175,10.126
ZGNX,2017,2017-12-31,10.729,27.301,-3.14023,-124.812,-0.908,-1.257,-126.817,-89.937,2017-12-31,-126.022,-36.085,67.449,9.821,25.885,123.90400000000001,0.047
ZGNX,2016,2016-12-31,22.468,24.785,-2.55017,-72.685,6.382,3.005,-69.707,-68.686,2016-12-31,-69.634,-0.948,41.84,28.85,26.996,79.067,0.046
ZGNX,2015,2015-12-31,22.701,21.449,-1.94433,-47.726,4.481,-9.808,26.144,-41.704,2015-12-31,-57.605,-15.901,27.86,27.182,26.347,52.207,-0.071
ZGNX,2014,2014-12-31,20.196,17.855,0.60822,40.107,8.751,22.248,8.587,61.487,2014-12-31,61.571,0.084,11.893,28.947,34.639,-31.356,-0.784
ZGNX,2013,2013-12-31,22.48,13.57,-5.29,-44.94,10.53,-27.76,-80.86,-72.6,2013-12-31,-72.6,0,8.37,33.01,46.22,55.47,0.1
ZGNX,2012,2012-12-31,20.85,10.07,-4.71,-47.43,23.48,1.4,-47.39,-47.39,2012-12-31,-47.38,0.01,21.41,44.33,49.49,70.91,-1.35
ZGNX,2011,2011-12-31,20.5,5.34,-15.72,-76.42,17.08,-7.4,-83.9,-83.9,2011-12-31,-83.91,-0.01,33.04,37.58,60.46,93.5,-0.09
ZGNX,2010,2010-12-31,13.69,0.52,-141.03,-70.16,9.75,-3.28,-73.56,-73.56,2010-12-31,-73.55,0.01,28.64,23.44,51.27,79.91,-0.11
ZGNX,2009,2009-12-31,0,0.14,-327.78,-35.54,0,-9.93,-45.89,-45.89,2009-12-31,-45.89,0,21.44,0,14.1,35.54,-0.42
ZGNX,2008,2008-12-31,0,0.11,-421.46,-45.73,0,0.1,-45.57,-45.57,2008-12-31,-45.57,0,33.91,0,11.82,45.73,0.06
ZGNX,2007,2007-12-31,0,0.07,-646.18,-29.05,0,1.35,-27.68,-27.68,2007-12-31,-27.68,0,24.33,0,4.73,29.05,0.03
ZGNX,2006,2006-12-31,0,0.05,-108.8,-6.38,0,0.98,-5.4,-5.4,2006-12-31,-5.4,0,4.9,0,1.47,6.38,0
