symbol,year,period,costOfGoodsSold,dilutedAverageSharesOutstanding,dilutedEPS,ebit,grossIncome,interestIncomeExpense,netIncome,netIncomeAfterTaxes,period,pretaxIncome,provisionforIncomeTaxes,researchDevelopment,revenue,sgaExpense,totalOperatingExpense,totalOtherIncomeExpenseNet
TSN,2020,2020-10-03,37284,364,7.04978,3230,5901,-475,2140,2150,2020-10-03,2770,620,,43185,2170,2671,15
TSN,2019,2019-09-28,37383,363,5.53796,2882,5022,-423,2022,2035,2019-09-28,2431,396,,42405,2154,2140,-28
TSN,2018,2018-09-29,34956,365,5.87346,3032,5096,-325,3024,2023,2018-09-29,2745,722,,40052,2005,2064,38
TSN,2017,2017-09-30,33142,370,5.06888,2931,5118,-272,1774,1778,2017-09-30,2628,850,,38260,2037,2187,-31
TSN,2016,2016-10-01,32184,390,4.53333,2833,4697,-245,1768,1772,2016-10-01,2598,826,,36881,1864,1864,10
TSN,2015,2015-10-03,37456,413,2.954,2169,3917,-280,1220,1224,2015-10-03,1921,697,,41373,1748,1748,32
TSN,2014,2014-09-27,34895,364,2.37,1430,2685,-125,864,856,2014-09-27,1252,396,,37580,1255,1255,-53
TSN,2013,2013-09-28,32016,367,2.31,1375,2358,-136,778,848,2013-09-28,1257,409,,34374,983,983,18
TSN,2012,2012-09-29,31118,370,1.9,1081,2160,-177,583,576,2012-09-29,927,351,,33278,912,1079,23
TSN,2011,2011-10-01,30067,380,2.01,1278,2199,-224,750,733,2011-10-01,1074,341,,32266,914,921,20
TSN,2010,2010-10-02,25916,379,2.24,1495,2514,-272,780,765,2010-10-02,1203,438,,28430,929,1019,-20
TSN,2009,2009-10-03,25501,372,-0.46,-215,1203,-293,-537,-540,2009-10-03,-526,14,,26704,841,1418,-18
TSN,2008,2008-09-27,25616,356,0.32,331,1246,-206,86,86,2008-09-27,154,68,,26862,879,915,29
TSN,2007,2007-09-29,25467,355,0.75,614,1433,-224,268,268,2007-09-29,410,142,,26900,817,819,20
TSN,2006,2006-09-30,24631,345,-0.55,-77,928,-238,-196,-191,2006-09-30,-293,-102,,25559,935,1005,22
TSN,2005,2005-10-01,24274,357,1.04,765,1740,-227,372,372,2005-10-01,528,156,,26014,928,975,-10
TSN,2004,2004-10-02,24550,357,1.13,925,1891,-275,403,403,2004-10-02,635,232,,26441,880,966,-15
TSN,2003,2003-09-27,22805,352,1.1,837,1744,-296,337,337,2003-09-27,523,186,,24549,831,907,-18
TSN,2002,2002-09-28,21550,355,1.28,887,1817,-305,383,383,2002-09-28,593,210,,23367,877,930,11
TSN,2001,2001-09-29,9661,222,0.58,315,1090,-144,88,107,2001-09-29,165,58,,10751,775,775,-6
TSN,2000,2000-09-30,6044,226,0.82,348,1114,-115,151,151,2000-09-30,234,83,,7158,732,766,1
TSN,1999,1999-10-02,6054,231,1.37,487,1309,-121,230,242,1999-10-02,371,129,,7363,709,822,5
TSN,1998,1998-10-03,6260,228,0.66,204,1154,-139,25,25,1998-10-03,71,46,,7414,775,951,7
TSN,1997,1997-09-27,5318,218,0.98,400,1038,-110,186,186,1997-09-27,330,144,,6356,610,638,40
TSN,1996,1996-09-28,5506,218,0.52,270,948,-142,87,84,1996-09-28,133,49,,6454,651,678,5
TSN,1995,1995-09-30,4423,218,1.13,472,1088,-131,219,213,1995-09-30,344,131,,5511,591,617,2
TSN,1994,1994-10-01,4149,222,0.75,195,961,-86,-2,-2,1994-10-01,119,121,,5110,522,766,9
TSN,1993,1993-10-02,3797,223,0.95,376,911,-73,180,180,1993-10-02,310,129,,4707,505,535,7
TSN,1992,1992-10-03,3390,208,0.92,332,778,-77,161,161,1992-10-03,261,101,,4169,417,447,6
TSN,1991,1991-09-28,3147,207,0.84,333,775,-95,145,145,1991-09-28,243,97,,3922,412,442,5
TSN,1990,1990-09-29,3082,199,0.73,320,744,-129,120,120,1990-09-29,200,80,,3825,398,423,9
TSN,1989,1989-09-30,2056,195,0.54,211,482,-45,101,101,1989-09-30,164,63,,2538,268,272,-2
TSN,1988,1988-09-30,1628,192,0.43,124,308,-19,81,81,1988-09-30,104,23,,1936,184,184,0
TSN,1987,1987-09-30,1483,192,0.35,146,303,-23,68,68,1987-09-30,123,55,,1786,157,157,0
TSN,1986,1986-09-30,1272,192,0.26,115,232,-21,50,50,1986-09-30,98,48,,1504,117,117,3
TSN,1985,1985-09-30,954,178,0.2,89,181,-19,35,35,1985-09-30,70,35,,1136,92,93,1
TSN,1984,1984-09-30,652,176,0.1,43,98,-11,18,18,1984-09-30,33,15,,750,55,55,0
TSN,1983,1983-09-30,529,176,0.06,29,74,-10,11,11,1983-09-30,20,9,,604,45,45,1
HSY,2019,2019-12-31,4363.774,210.702,6.13084,1545.495,3622.478,-144.125,1149.692,1146.752,2019-12-31,1380.784,234.032,37.146,7986.252,1874.805,2076.9829999999993,-20.586
HSY,2018,2018-12-31,4204.421,210.989,6.33422,1573.335,3586.648,-138.837,1177.562,1163.251,2018-12-31,1410.061,246.81,38.521,7791.069,1813.706,2013.313,-24.437
HSY,2017,2017-12-31,4054.903,213.742,4.56212,1247.2,3460.523,-98.282,782.981,724.037,2017-12-31,1110.668,386.631,45.85,7515.426,1827.667,2213.323,-38.25
HSY,2016,2016-12-31,4212.536,215.304,3.71363,1238.341,3227.645,-90.143,720.044,720.044,2016-12-31,1099.481,379.437,47.268,7440.181,1827.098,1989.304,-48.717
HSY,2015,2015-12-31,3996.137,220.651,3.50955,969.944,3390.489,-77.447,512.951,512.951,2015-12-31,901.847,388.896,49.281,7386.626,1902.659,2420.5449999999996,-0.6
HSY,2014,2014-12-31,4088.1,224.8,3.91,1389.6,3333.7,-83.5,846.9,846.9,2014-12-31,1306,459.1,47.6,7421.8,1850.5,1944.1,
HSY,2013,2013-12-31,3862.4,227.2,3.71,1339.7,3283.7,-88.4,820.5,820.5,2013-12-31,1251.3,430.8,47.6,7146.1,1865.6,1943.9999999999995,
HSY,2012,2012-12-31,3736,228.3,3.12,1111.1,2908.3,-95.6,660.9,660.9,2012-12-31,1015.6,354.6,39,6644.3,1641.1,1797.1000000000004,
HSY,2011,2011-12-31,3509.6,229.9,2.87,1055,2571.2,-92.2,629,629,2011-12-31,962.8,333.9,,6080.8,1487,1516.2000000000003,
HSY,2010,2010-12-31,3242.2,230.3,2.54,905.3,2428.9,-96.4,509.8,509.8,2010-12-31,808.9,299.1,,5671,1425,1523.5,
HSY,2009,2009-12-31,3245.5,229,2.14,761.6,2053.1,-90.5,436,436,2009-12-31,671.1,235.1,,5298.7,1208.7,1291.6000000000004,
HSY,2008,2008-12-31,3375.1,228.7,1.62,589.9,1757.7,-97.9,311.4,311.4,2008-12-31,492,180.6,,5132.8,1073,1167.7999999999997,
HSY,2007,2007-12-31,3315.1,231.4,1.68,458.8,1631.6,-118.6,214.2,214.2,2007-12-31,340.2,126.1,,4946.7,895.9,1172.7999999999997,
HSY,2006,2006-12-31,3076.7,239.1,2.38,992.6,1867.5,-116.1,559.1,559.1,2006-12-31,876.5,317.4,,4944.2,860.4,875,
HSY,2005,2005-12-31,2965.5,248.3,2.23,860.9,1870.4,-88,493.2,493.2,2005-12-31,772.9,279.7,,4836,913,1009.5999999999999,
HSY,2004,2004-12-31,2679.5,256.8,2.3,902.2,1749.7,-66.5,590.9,590.9,2004-12-31,835.6,244.8,,4429.2,847.5,847.5999999999999,
HSY,2003,2003-12-31,2544.7,264.5,1.79,796.4,1627.8,-63.5,457.6,465,2003-12-31,732.8,267.9,,4172.6,816.4,831.5,
HSY,2002,2002-12-31,2561.1,275.4,1.53,698.3,1559.3,-60.7,403.6,403.6,2002-12-31,637.6,234,,4120.3,833.4,860.9000000000001,
HSY,2001,2001-12-31,2665.6,275.4,1.21,412.6,1891.7,-69.1,207.2,207.2,2001-12-31,343.5,136.4,,4557.2,1270,1479.0000000000005,
HSY,2000,2000-12-31,2471.2,276.7,1.21,622.7,1749.8,-76,334.5,334.5,2000-12-31,546.6,212.1,,4221,1127.2,1127.1000000000004,
HSY,1999,1999-12-31,2354.7,282.6,1.08,802.1,1616.2,-74.3,460.3,460.3,1999-12-31,727.9,267.6,,3970.9,1057.8,814.1000000000004,
HSY,1998,1998-12-31,2625.1,291.1,1.17,642.7,1810.6,-85.7,340.9,340.9,1998-12-31,557,216.1,,4435.6,1167.9,1167.9,
HSY,1997,1997-12-31,2488.9,302,1.11,630.2,1813.3,-76.3,336.3,336.3,1997-12-31,554,217.7,,4302.2,1183.1,1183.1,
HSY,1996,1996-12-31,2302.1,311.4,0.94,527.8,1687.2,-48,273.2,273.2,1996-12-31,479.7,206.6,,3989.3,1124.1,1159.4,
HSY,1995,1995-12-31,2126.3,333.4,0.85,510.8,1564.4,-44.8,281.9,281.9,1995-12-31,466,184,,3690.7,1053.8,1053.6,
HSY,1994,1994-12-31,2097.6,349.5,0.7,368.5,1508.7,-35.4,184.2,184.2,1994-12-31,333.1,148.9,,3606.3,1034.1,1140.2000000000003,
HSY,1993,1993-12-31,1995.5,361,0.69,457.2,1492.7,-27,193.3,297.2,1993-12-31,510.9,213.6,,3488.2,1035.5,1035.5,
HSY,1992,1992-12-31,1833.4,362.3,0.67,428.2,1386.4,-27.2,242.6,242.6,1992-12-31,401,158.4,,3219.8,958.2,958.1999999999998,
HSY,1991,1991-12-31,1694.4,362.2,0.61,390.3,1204.8,-26.8,219.5,219.5,1991-12-31,363.5,143.9,,2899.2,814.5,814.5,
HSY,1990,1990-12-31,1588.4,362,0.54,350.6,1127.2,-24.6,215.9,215.9,1990-12-31,361.5,145.6,,2715.6,776.7,776.5999999999999,
HSY,1989,1989-12-31,1455.6,362,0.47,310.3,965.4,-20.4,171.1,171.1,1989-12-31,289.9,118.9,,2421,655,655.0999999999999,
HSY,1988,1988-12-31,1326.5,362.3,0.4,266.1,841.6,-30,213.9,144.5,1988-12-31,236.1,91.6,,2168,575.5,575.5,
HSY,1987,1987-12-31,1612.1,362.7,0.41,299.1,826.7,-29.7,148.2,148.2,1987-12-31,269.4,121.2,,2438.8,527.6,527.5999999999999,
HSY,1986,1986-12-31,1453.4,374,0.35,270.6,716.2,-9.8,132.8,132.8,1986-12-31,260.8,128.1,,2169.6,445.5,445.5999999999999,
HSY,1985,1985-12-31,1355.8,376,0.32,244.8,640.4,-11.9,112.2,120.6,1985-12-31,232.9,112.3,,1996.2,395.5,395.5,
HSY,1984,1984-12-31,1293.4,376,0.29,219.9,599.1,-10.3,108.7,108.7,1984-12-31,209.6,100.9,,1892.5,379.1,379.1999999999998,
HSY,1983,1983-12-31,1168.1,376,0.27,205.2,538,-15.8,100.2,100.2,1983-12-31,189.4,89.2,,1706.1,332.8,332.8000000000002,
GIS,2020,2020-05-31,11413.8,613.3,3.47528,3066.7,6212.8,-466.5,2181.2,2119.7,2020-05-31,2600.2,480.5,,17626.6,3175.9,3146.1000000000004,
GIS,2019,2019-05-26,11010.6,605.4,3.29898,2603.8,5854.6,-521.8,1752.7,1707,2019-05-26,2082,375,,16865.2,2918.9,3250.7999999999993,
GIS,2018,2018-05-27,10306.4,585.7,2.97504,2509.3,5434,-373.7,2131,1554.8,2018-05-27,2135.6,580.8,,15740.4,2827.3,2924.7000000000007,
GIS,2017,2017-05-28,9966.6,598,3.00733,2566.4,5653.2,-295.1,1657.5,1616.1,2017-05-28,2271.3,655.2,,15619.8,2888.8,3086.7999999999993,
GIS,2016,2016-05-29,10653.8,611.9,2.92988,2707.4,5909.3,-303.8,1697.4,1648.4,2016-05-29,2403.6,755.2,,16563.1,3114.8,3201.9000000000015,
GIS,2015,2015-05-31,11517.4,618.8,2.55988,2077.3,6112.9,-315.4,1221.3,1175.1,2015-05-31,1761.9,586.8,,17630.3,3283.4,4035.6000000000004,
GIS,2014,2014-05-25,11535,646,2.76,2957,6375,-302,1824,1772,2014-05-25,2655,883,,17910,3464,3417,
GIS,2013,2013-05-26,11343,666,2.81,2852,6432,-317,1855,1794,2013-05-26,2535,741,,17774,3576,3579,
GIS,2012,2012-05-27,10613,667,2.43,2562,6045,-352,1567,1501,2012-05-27,2211,710,,16658,3381,3483,
GIS,2011,2011-05-29,8927,665,2.69,2775,5954,-346,1798,1707,2011-05-29,2428,721,,14880,3192,3179,
GIS,2010,2010-05-30,8923,683,2.3,2566,5874,-362,1531,1433,2010-05-30,2205,771,,14797,3249,3308,
GIS,2009,2009-05-31,9458,687,1.85,2323,5234,-390,1304,1213,2009-05-31,1933,720,,14691,2960,2910,
GIS,2008,2008-05-25,8778,694,1.87,2228,4874,-422,1295,1184,2008-05-25,1806,622,,13652,2625,2646,
GIS,2007,2007-05-27,7955,720,1.62,2058,4487,-427,1144,1071,2007-05-27,1631,560,,12442,2390,2429,
GIS,2006,2006-05-28,6966,758,1.48,1966,4674,-399,1090,1026,2006-05-28,1567,541,,11640,2678,2708,
GIS,2005,2005-05-29,6834,818,1.22,2270,4410,-455,1240,1151,2005-05-29,1815,664,,11244,2418,2140,
GIS,2004,2004-05-30,6584,826,1.32,2017,4486,-508,1055,981,2004-05-30,1509,528,,11070,2443,2469,
GIS,2003,2003-05-25,6109,756,1.27,1863,4397,-547,917,856,2003-05-25,1316,460,,10506,2472,2534,
GIS,2002,2002-05-26,4767,684,0.85,1083,3182,-416,458,428,2002-05-26,667,239,,7949,1909,2099,
GIS,2001,2001-05-27,2841,584,1.1,1204,4237,-206,665,648,2001-05-27,998,350,,7078,3067,3032,
GIS,2000,2000-05-28,2698,615,1,1099,4003,-152,614,611,2000-05-28,947,336,,6700,2904,2903,
GIS,1999,1999-05-30,2594,629,0.9,966,3653,-119,535,543,1999-05-30,847,304,,6246,2635,2686,
GIS,1998,1998-05-31,2389,649,0.81,784,3644,-117,422,425,1998-05-31,667,242,,6033,2499,2860,
GIS,1997,1997-05-25,2328,646,0.74,811,3281,-101,445,452,1997-05-25,710,258,,5609,2239,2471,
GIS,1996,1996-05-26,2241,648,0.74,860,3175,-101,476,479,1996-05-26,759,279,,5416,2128,2315,
GIS,1995,1995-05-28,2123,632,0.59,521,2904,-101,367,266,1995-05-28,420,153,,5027,2008,2383,
GIS,1994,1994-05-29,4458,636,0.88,853,4059,-99,470,470,1994-05-29,753,284,,8517,2756,3206,
GIS,1993,1993-05-30,4298,652,0.78,918,3837,-74,506,506,1993-05-30,844,338,,8135,2645,2919,
GIS,1992,1992-05-31,4123,663,0.75,903,3655,-58,496,506,1992-05-31,845,339,,7778,2516,2752,
GIS,1991,1991-05-26,3722,658,0.71,827,3431,-61,473,464,1991-05-26,766,301,,7153,2386,2605,
GIS,1990,1990-05-27,3485,658,0.57,645,2963,-32,381,374,1990-05-27,613,239,,6448,2138,2318,
GIS,1989,1989-05-28,3115,656,0.48,545,2506,-28,262,315,1989-05-28,518,202,,5621,1809,1961,
GIS,1988,1988-05-29,2848,696,0.38,481,2331,-38,283,265,1988-05-29,443,177,,5179,1711,1850,
GIS,1987,1987-05-31,2834,710,0.31,466,2355,-33,222,222,1987-05-31,433,211,,5189,1756,1889,
GIS,1986,1986-05-25,2564,714,0.26,362,2023,-39,184,184,1986-05-25,324,140,,4587,1546,1660,
GIS,1985,1985-05-26,2475,715,0.22,256,1810,-60,-73,115,1985-05-26,196,81,,4285,1368,1554,
GIS,1984,1984-05-27,2433,750,0.23,376,1686,-19,233,203,1984-05-27,357,154,,4118,1264,1310,
KO,2019,2019-12-31,14619,4314,2.18161,9204,22647,840,8920,8985,2019-12-31,10786,1801,,37266,12150,13443,3
KO,2018,2018-12-31,13067,4299,2.00277,7483,21233,9,6434,6484,2018-12-31,8225,1741,,34300,10984,13750,733
KO,2017,2017-12-31,13721,4324,1.5285,7417,22491,1273,1248,4893,2017-12-31,6890,1997,,36212,12881,15074,-1800
KO,2016,2016-12-31,16465,4367,1.92213,7400,25398,464,6527,6550,2016-12-31,8136,1586,,41863,15392,17998,272
KO,2015,2015-12-31,17482,4405,2.10524,7722,26812,2031,7351,7366,2015-12-31,9605,2239,,44294,16451,19090,-148
KO,2014,2014-12-31,17889,4450,1.95,8505,28109,-196,7098,7124,2014-12-31,9325,2201,,45998,17273,19604,1016
KO,2013,2013-12-31,18421,4509,2,10728,28433,881,8584,8626,2013-12-31,11477,2851,,46854,17372,17705,-132
KO,2012,2012-12-31,19053,4584,1.99,11056,28964,988,9019,9086,2012-12-31,11809,2723,,48017,17711,17908,-235
KO,2011,2011-12-31,18216,4646,1.87,10732,28326,756,8572,8634,2011-12-31,11439,2805,,46542,17440,17594,-49
KO,2010,2010-12-31,12693,4666,1.55,13741,22426,609,11809,11859,2010-12-31,14243,2384,,35119,13158,8685,-107
KO,2009,2009-12-31,11088,4658,1.52,8231,19902,675,6824,6906,2009-12-31,8946,2040,,30990,11358,11671,40
KO,2008,2008-12-31,11374,4672,1.3,8446,20570,-979,5807,5807,2008-12-31,7439,1632,,31944,11774,12124,-28
KO,2007,2007-12-31,10406,4662,1.32,7252,18451,448,5981,5981,2007-12-31,7873,1892,,28857,10945,11199,173
KO,2006,2006-12-31,8164,4700,1.11,6308,15924,75,5080,5080,2006-12-31,6578,1498,,24088,9431,9616,195
KO,2005,2005-12-31,8195,4786,1.03,6085,14909,698,4872,4872,2005-12-31,6690,1818,,23104,8739,8824,-93
KO,2004,2004-12-31,7638,4858,1.07,5698,14324,606,4847,4847,2004-12-31,6222,1375,,21962,8146,8626,-82
KO,2003,2003-12-31,7762,4924,0.97,5221,13282,412,4347,4347,2003-12-31,5495,1148,,21044,7488,8061,-138
KO,2002,2002-12-31,7105,4966,0.8,5458,12459,394,3050,3976,2002-12-31,5499,1523,,19564,7001,7001,-353
KO,2001,2001-12-31,6044,4974,0.8,5352,14048,279,3969,3979,2001-12-31,5670,1691,,20092,8696,8696,39
KO,2000,2000-12-31,6204,4974,0.62,3691,14254,-391,2177,2177,2000-12-31,3399,1222,,20458,9120,10563,99
KO,1999,1999-12-31,6009,4974,0.59,3982,13796,-261,2431,2431,1999-12-31,3819,1388,,19805,9001,9814,98
KO,1998,1998-12-31,5562,4992,0.71,4967,13251,1,3533,3533,1998-12-31,5198,1665,,18813,8284,8284,230
KO,1997,1997-12-31,6015,5030,0.82,5001,12853,471,4129,4129,1997-12-31,6055,1926,,18868,7852,7852,583
KO,1996,1996-12-31,6738,5046,0.69,3915,11808,594,3492,3492,1996-12-31,4596,1104,,18546,7893,7893,87
KO,1995,1995-12-31,6940,5098,0.59,4092,11078,216,2986,2986,1995-12-31,4328,1342,,18018,6986,6986,20
KO,1994,1994-12-31,6167,5198,0.49,3708,10005,116,2554,2554,1994-12-31,3728,1174,,16172,6297,6297,-96
KO,1993,1993-12-31,5160,5252,0.42,3102,8797,79,2176,2188,1993-12-31,3185,997,,13957,5695,5695,4
KO,1992,1992-12-31,5054,5336,0.35,2771,8020,58,1666,1885,1992-12-31,2747,862,,13074,5249,5249,-82
KO,1991,1991-12-31,4648,5390,0.3,2320,6924,22,1618,1618,1991-12-31,2383,765,,11572,4604,4604,41
KO,1990,1990-12-31,4209,5412,0.25,1951,6027,49,1381,1381,1990-12-31,2014,633,,10236,4076,4076,14
KO,1989,1989-12-31,3892,5578,0.2,1787,5074,-28,1724,1193,1989-12-31,1764,571,,8966,3348,3287,5
KO,1988,1988-12-31,3701,5858,0.18,1599,4637,16,1045,1045,1988-12-31,1582,537,,8338,3038,3038,-33
KO,1987,1987-12-31,3633,6038,0.15,1364,4025,47,917,917,1987-12-31,1411,494,,7658,2665,2661,
KO,1986,1986-12-31,3454,6189,0.13,1272,3523,98,934,934,1986-12-31,1405,471,,6977,2446,2251,35
KO,1985,1985-12-31,3860,6294,0.11,984,3352,-17,723,678,1985-12-31,1064,386,,7212,2368,2368,97
KO,1984,1984-12-31,3993,6346,0.1,1057,3371,5,628,628,1984-12-31,1067,439,,7364,2314,2314,5
KO,1983,1983-12-31,3773,6539,0.09,992,3056,10,562,557,1983-12-31,999,442,,6829,2064,2064,-3
JNJ,2019,2019-12-29,27456,2684.3,7.87,17328,54603,,15119,15119,2019-12-29,17328,2209,11355,82059,22178,37275,
JNJ,2018,2018-12-30,26986,2728.7,6.92185,17999,54595,,15297,15297,2018-12-30,17999,2702,10775,81581,22540,36596,
JNJ,2017,2017-12-31,25351,2745.3,6.22994,17673,51099,,1300,14300,2017-12-31,17673,3373,10594,76450,21520,33426,
JNJ,2016,2017-01-01,21640,2788.9,6.38758,19803,50250,,16540,16540,2017-01-01,19803,3263,9095,71890,19945,30447,
JNJ,2015,2016-01-03,21455,2812.9,5.07562,19196,48619,,15409,15409,2016-01-03,19196,3787,9047,70074,21203,29423,
JNJ,2014,2014-12-28,22746,2864,6.06,20563,51585,,16323,16323,2014-12-28,20563,4240,8494,74331,21954,31022,-75
JNJ,2013,2013-12-29,21659,2877,6.22,15471,49653,,13831,13831,2013-12-29,15471,1640,8187,71312,21830,34182,2564
JNJ,2012,2012-12-30,21658,2813,4.74,13775,45566,,10853,10514,2012-12-30,13775,3261,7666,67224,20869,31791,-113
JNJ,2011,2012-01-01,20273,2775,5.32,12361,44757,,9672,9672,2012-01-01,12361,2689,7548,65030,20969,32396,2743
JNJ,2010,2011-01-02,18792,2789,4.75,16947,42795,,13334,13334,2011-01-02,16947,3613,6844,61587,19424,25848,-651
JNJ,2009,2010-01-03,18447,2789,4.59,15755,43450,,12266,12266,2010-01-03,15755,3489,6986,61897,19801,27695,-526
JNJ,2008,2008-12-28,18511,2836,4.63,16929,45236,,12949,12949,2008-12-28,16929,3980,7577,63747,21490,28307,-1015
JNJ,2007,2007-12-30,17751,2911,4.11,13283,43344,,10576,10576,2007-12-30,13283,2707,7680,61095,20451,30061,534
JNJ,2006,2006-12-31,15057,2961,3.92,14587,38267,,11053,11053,2006-12-31,14587,3534,7125,53324,17433,23680,-671
JNJ,2005,2006-01-01,13954,3013,3.58,13656,36560,,10411,10411,2006-01-01,13656,3245,6312,50514,16877,22904,-214
JNJ,2004,2005-01-02,13422,3004,2.84,12838,33926,,8509,8509,2005-01-02,12838,4329,5203,47348,15860,21088,15
JNJ,2003,2003-12-28,12176,3008,2.7,10308,29686,,7197,7197,2003-12-28,10308,3111,4684,41862,14131,19378,-385
JNJ,2002,2002-12-29,10447,3054,2.23,9291,25851,,6597,6597,2002-12-29,9291,2694,3957,36298,12216,16560,294
JNJ,2001,2001-12-31,9536,3099,1.92,8045,23468,,5815,5815,2001-12-31,8045,2230,3591,33004,11992,15423,38
JNJ,2000,2000-12-31,8861,2835,1.71,6622,20278,,4800,4800,2000-12-31,6622,1822,2926,29139,10875,13656,67
JNJ,1999,2000-01-02,8442,2836,1.47,5753,19029,,4167,4167,2000-01-02,5753,1586,2600,27471,10503,13276,222
JNJ,1998,1999-01-03,7496,2743,1.32,4269,16161,,3059,3059,1999-01-03,4269,1210,2269,23657,8907,11892,151
JNJ,1997,1997-12-28,7152,2740,1.21,4576,15477,,3303,3303,1997-12-28,4576,1273,2140,22629,8715,10901,129
JNJ,1996,1996-12-29,7018,2719,1.06,4033,14602,,2887,2887,1996-12-29,4033,1146,1905,21620,8394,10569,284
JNJ,1995,1995-12-31,6235,2635,0.91,3317,12607,,2403,2403,1995-12-31,3317,914,1634,18842,7462,9290,166
JNJ,1994,1995-01-01,5299,2594,0.77,2681,10435,,2006,2006,1995-01-01,2681,675,1278,15734,6350,7754,44
JNJ,1993,1994-01-02,4791,2761,0.65,2332,9347,,1787,1787,1994-01-02,2332,545,1182,14138,5771,7015,16
JNJ,1992,1993-01-03,4678,2638,0.62,2207,9075,,1030,1625,1993-01-03,2207,582,1127,13753,5671,6868,39
JNJ,1991,1991-12-29,4204,2665,0.55,2038,8243,,1461,1461,1991-12-29,2038,577,980,12447,5099,6205,85
JNJ,1990,1990-12-31,3937,2664,0.46,1623,7295,,1143,1143,1990-12-31,1623,480,834,11232,4469,5672,162
JNJ,1989,1989-12-31,3480,2665,0.41,1514,6277,,1082,1082,1989-12-31,1514,432,719,9757,3897,4763,93
JNJ,1988,1988-12-31,3292,2725,0.36,1396,5708,,974,974,1988-12-31,1396,422,674,9000,3630,4312,-24
JNJ,1987,1987-12-31,2958,2762,0.3,1193,5054,,833,833,1987-12-31,1193,360,617,8012,3228,3861,-5
JNJ,1986,1986-12-31,2630,2854,0.28,392,4538,,331,331,1986-12-31,392,61,521,7168,2868,4146,
JNJ,1985,1985-12-31,2594,2926,0.21,900,3983,,614,614,1985-12-31,900,286,471,6577,2516,3083,
JNJ,1984,1984-12-31,2469,2998,0.17,756,3778,,515,515,1984-12-31,756,241,421,6247,2488,3022,
JNJ,1983,1983-12-31,2472,3048,0.16,724,3633,,489,489,1983-12-31,724,235,405,6105,2353,2909,
MRK,2019,2019-12-31,13156,2580,5.3699,11603,33684,-810,9843,9894,2019-12-31,11464,1570,9696,46840,10581,22081,671
MRK,2018,2018-12-31,13065,2679,4.11896,8299,29229,10,6220,6482,2018-12-31,8701,2219,7854,42294,10067,20930,392
MRK,2017,2017-12-31,12640,2748,3.99281,6021,27482,-116,2394,5043,2017-12-31,6521,1478,7495,40122,10028,21461,616
MRK,2016,2016-12-31,13502,2787,6.11554,4848,26305,-496,3920,3941,2016-12-31,4659,718,6519,39807,9844,21457,307
MRK,2015,2015-12-31,14528,2841,4.79373,5519,24970,-983,4442,4459,2015-12-31,5401,942,6565,39498,9799,19451,615
MRK,2014,2014-12-31,15186,2928,2.77,16833,27051,877,11920,11934,2014-12-31,17283,5349,6447,42237,11172,10218,-427
MRK,2013,2013-12-31,16954,2996,5.43,5956,27079,-594,4404,4517,2013-12-31,5545,1028,7123,44033,11672,21123,183
MRK,2012,2012-12-31,16446,3076,3.61,9213,30821,-25,6168,6299,2012-12-31,8739,2440,7911,47267,12414,21608,-449
MRK,2011,2011-12-31,16871,3094,4.25,7670,31176,-83,6272,6392,2011-12-31,7334,942,7742,48047,13336,23506,-253
MRK,2010,2010-12-31,18396,3120,2.46,2370,27591,-259,861,982,2010-12-31,1653,671,8122,45987,12617,25221,-458
MRK,2009,2009-12-31,9019,2273,3.71,9807,18409,2000,12901,13024,2009-12-31,15292,2268,5613,27428,8173,8602,3485
MRK,2008,2008-12-31,5583,2145,4.07,4929,18268,2793,7808,7808,2008-12-31,9808,1999,4677,23850,7377,13338,2085
MRK,2007,2007-12-31,6141,2193,3.94,319,18057,3388,3275,3275,2007-12-31,3371,95,4558,24198,7557,17738,-336
MRK,2006,2006-12-31,6001,2188,2.09,3424,16635,2709,4434,4434,2006-12-31,6221,1788,4726,22636,8165,13211,89
MRK,2005,2005-12-31,5150,2200,2.2,5415,16862,1829,4631,4631,2005-12-31,7364,2733,3829,22012,7156,11447,121
MRK,2004,2004-12-31,4960,2226,2.61,6468,17979,1033,5813,5813,2004-12-31,7975,2161,4010,22939,7346,11511,473
MRK,2003,2003-12-31,4315,2253,2.97,8186,18171,460,6831,6590,2003-12-31,9052,2462,3178,22486,6395,9985,405
MRK,2002,2002-12-31,33054,2277,3.23,9454,18737,681,7150,7150,2002-12-31,10214,3064,2677,51790,6187,9283,79
MRK,2001,2001-12-31,28977,2322,3.28,9438,18739,715,7282,7282,2001-12-31,10403,3121,2456,47716,6224,9301,250
MRK,2000,2000-12-31,22444,2353,3.03,8780,17920,786,6822,6822,2000-12-31,9824,3002,2344,40363,6168,9139,258
MRK,1999,1999-12-31,17534,2405,2.6,7321,15180,837,5891,5891,1999-12-31,8620,2729,2068,32714,5200,7859,462
MRK,1998,1998-12-31,13925,2441,2.12,7322,12973,1031,5248,5248,1998-12-31,8133,2885,1821,26898,4511,5651,-220
MRK,1997,1997-12-31,11790,2470,1.89,5748,11847,838,4614,4614,1997-12-31,6462,1848,1684,23637,4299,6099,-124
MRK,1996,1996-12-31,9319,2490,1.64,4841,10510,695,3881,3881,1996-12-31,5541,1660,1487,19829,3841,5669,5
MRK,1995,1995-12-31,7456,2539,1.26,4820,9225,446,3335,3335,1995-12-31,4797,1462,1331,16681,3298,4406,-469
MRK,1994,1994-12-31,5963,2552,1.25,4304,9007,60,2997,2997,1994-12-31,4415,1418,1231,14970,3178,4703,51
MRK,1993,1993-12-31,2498,2313,1.18,3060,8001,-40,2166,2166,1993-12-31,3103,937,1173,10498,2914,4940,82
MRK,1992,1992-12-31,2096,2307,1.06,3492,7566,26,1984,2447,1992-12-31,3564,1117,1112,9663,2963,4075,46
MRK,1991,1991-12-31,1935,2361,0.9,3110,6668,-21,2122,2122,1991-12-31,3167,1045,988,8603,2570,3558,78
MRK,1990,1990-12-31,1778,2368,0.75,2651,5893,-22,1781,1781,1990-12-31,2699,918,854,7672,2388,3242,70
MRK,1989,1989-12-31,1550,2402,0.62,2236,5000,-12,1495,1495,1989-12-31,2283,788,751,6551,2013,2764,58
MRK,1988,1988-12-31,1526,2398,0.5,1864,4413,3,1207,1207,1988-12-31,1871,664,669,5940,1880,2549,4
MRK,1987,1987-12-31,1444,2482,0.37,1369,3617,,906,906,1987-12-31,1405,499,566,5061,1682,2248,36
MRK,1986,1986-12-31,1338,2551,0.26,1041,2791,,676,676,1986-12-31,1073,398,480,4129,1270,1750,32
MRK,1985,1985-12-31,1272,2565,0.21,840,2275,,540,540,1985-12-31,857,317,426,3548,1009,1436,17
MRK,1984,1984-12-31,1425,2644,0.19,797,2135,,493,493,1984-12-31,787,294,393,3560,946,1338,-10
MRK,1983,1983-12-31,1263,2662,0.17,722,1983,,451,451,1983-12-31,696,245,356,3246,905,1262,-26
UNH,2019,2019-12-31,,966,14.32609,19685,,-1704,13839,14239,2019-12-31,17981,3742,,,35193,222470,
UNH,2018,2018-12-31,,983,12.19329,17344,,-1400,11986,12382,2018-12-31,15944,3562,,,34074,208903,
UNH,2017,2017-12-31,,985,9.50051,15209,,-1186,10558,9623,2017-12-31,14023,4400,,,29557,185950,
UNH,2016,2016-12-31,,968,7.24897,12930,,-1067,7017,7073,2016-12-31,11863,4790,,,28401,171910,
UNH,2015,2015-12-31,,967,6.01138,11021,,-790,5813,5868,2015-12-31,10231,4363,,,24312,146086,
UNH,2014,2014-12-31,,986,5.7,10274,,-618,5619,5619,2014-12-31,9656,4037,,,21681,120200,
UNH,2013,2013-12-31,,1023,5.5,9623,,-708,5625,5673,2013-12-31,8915,3242,,,19362,112866,
UNH,2012,2012-12-31,,1046,5.28,9254,,-632,5526,5526,2012-12-31,8622,3096,,,17306,101364,
UNH,2011,2011-12-31,,1087,4.73,8464,,-505,5142,5142,2011-12-31,7959,2817,,,15557,93398,
UNH,2010,2010-12-31,,1131,4.1,7864,,-481,4634,4634,2010-12-31,7383,2749,,,14270,86291,
UNH,2009,2009-12-31,,1179,3.24,6359,,-551,3822,3822,2009-12-31,5808,1986,,,12734,80779,
UNH,2008,2008-12-31,,1241,2.78,5263,,-639,2977,2977,2008-12-31,4624,1647,,,13103,75923,
UNH,2007,2007-12-31,,1361,3.42,7849,,-544,4654,4654,2007-12-31,7305,2651,,,10583,67582,
UNH,2006,2006-12-31,,1402,2.97,6984,,-456,4159,4159,2006-12-31,6528,2369,,,9981,64558,
UNH,2005,2005-12-31,,1330,2.48,5373,,-241,3300,3300,2005-12-31,5132,1832,,,6814,39992,
UNH,2004,2004-12-31,,1310,1.97,4101,,-128,2587,2587,2004-12-31,3973,1386,,,5743,33117,
UNH,2003,2003-12-31,,1234,1.48,2935,,-95,1825,1825,2003-12-31,2840,1015,,,4875,25888,
UNH,2002,2002-12-31,,1272,1.06,2186,,-90,1352,1352,2002-12-31,2096,744,,,4387,22834,
UNH,2001,2001-12-31,,1307,0.7,1566,,-94,913,913,2001-12-31,1472,559,,,3979,21888,
UNH,2000,2000-12-31,,1346,0.55,1200,,-45,736,736,2000-12-31,1155,419,,,3520,19922,
UNH,1999,1999-12-31,,1420,0.4,943,,-49,568,568,1999-12-31,894,326,,,3343,18619,
UNH,1998,1998-12-31,,1525,0.17,-42,,-4,-166,-166,1998-12-31,-46,120,,,2964,17397,
UNH,1997,1997-12-31,,1528,0.28,742,,0,460,460,1997-12-31,742,282,,,2364,11052,
UNH,1996,1996-12-31,,1488,0.22,596,,-1,356,356,1996-12-31,581,225,,,2165,9477,-15
UNH,1995,1995-12-31,,1416,0.27,461,,-1,286,290,1995-12-31,460,170,,,1031,5210,0
UNH,1994,1994-12-31,,1400,0.21,506,,-2,1665,290,1994-12-31,468,178,,,556,3263,-36
UNH,1993,1993-12-31,,1251,0.16,291,,-1,195,195,1993-12-31,305,110,,,409,2236,15
UNH,1992,1992-12-31,,1109,0.1,178,,-1,114,115,1992-12-31,177,62,,,274,1264,
UNH,1991,1991-12-31,,997,0.08,115,,-1,75,75,1991-12-31,114,39,,,184,732,
UNH,1990,1990-12-31,,945,0.04,55,,-3,34,34,1990-12-31,52,18,,,156,550,0
UNH,1989,1989-12-31,,857,0.02,26,,-4,14,14,1989-12-31,22,8,,,135,386,0
UNH,1988,1988-12-31,,515,-0.06,-2,,-5,-37,-36,1988-12-31,-34,2,,,116,442,-28
UNH,1987,1987-12-31,,511,-0.01,-16,,-5,-16,-18,1987-12-31,-21,-3,,,127,456,0
AMN,2019,2019-12-31,1478.642,47.593,2.39506,176.915,743.465,-28.427,113.988,113.988,2019-12-31,148.488,34.5,,2222.107,508.03,566.55,
AMN,2018,2018-12-31,1439.691,48.668,2.91241,202.828,696.383,-16.143,141.741,141.741,2018-12-31,186.685,44.944,,2136.074,452.318,493.55500000000006,
AMN,2017,2017-12-31,1344.035,49.43,2.39771,212.44,644.419,-19.677,132.558,118.519,2017-12-31,192.763,74.244,,1988.454,399.7,431.9789999999998,
AMN,2016,2016-12-31,1282.501,49.267,2.14825,191.632,619.724,-15.465,105.838,105.838,2016-12-31,176.167,70.329,,1902.225,398.472,428.0920000000001,
AMN,2015,2015-12-31,993.702,48.843,1.67662,128.879,469.363,-7.79,81.891,81.891,2015-12-31,121.089,39.198,,1463.065,319.531,340.4839999999999,
AMN,2014,2014-12-31,719.91,48.086,0.72744,64.79,316.117,-6.124,33.217,33.217,2014-12-31,58.666,25.449,,1036.027,232.221,251.327,
AMN,2013,2013-12-31,714.5,47.8,0.69,65.1,297.3,-9.2,32.9,32.9,2013-12-31,55.8,22.9,,1011.8,218.2,232.20000000000005,
AMN,2012,2012-12-31,683.6,46.7,0.45,43.5,270.4,-16.2,17.1,16.3,2012-12-31,27.3,11,,954,202.9,226.79999999999995,
AMN,2011,2011-12-31,638.1,46,0.15,37.6,249.3,-23.7,-26.3,5,2011-12-31,13.9,8.9,,887.5,195.3,211.69999999999993,
AMN,2010,2010-12-31,497.7,34.8,-0.37,-42.5,191.5,-19.8,-52,-52,2010-12-31,-62.3,-10.3,,689.2,168.1,234.00000000000006,
AMN,2009,2009-12-31,555.4,32.6,0.05,-153.6,204.4,-12,-122.2,-122.2,2009-12-31,-165.6,-43.4,,759.8,157.2,358,
AMN,2008,2008-12-31,900.2,33.8,1.02,71.9,317,-10.7,34.4,34.4,2008-12-31,61.2,26.8,,1217.2,230.7,245.0999999999999,
AMN,2007,2007-12-31,860.9,34.9,1.05,73.2,303.2,-12.5,36.5,36.5,2007-12-31,60.8,24.3,,1164,218.3,229.89999999999998,
AMN,2006,2006-12-31,792.4,34.5,1.02,73.5,289.3,-16.7,35.1,35.1,2006-12-31,56.8,21.7,,1081.7,205.5,215.80000000000007,
AMN,2005,2005-12-31,535.6,32.1,0.69,46.7,170.2,-9.6,22.2,22.2,2005-12-31,37.2,14.9,,705.8,117.3,123.5,
AMN,2004,2004-12-31,484.7,31.4,0.55,36.3,144.4,-8.4,17.3,17.3,2004-12-31,27.9,10.6,,629,102.2,108.00000000000006,
AMN,2003,2003-12-31,552.1,39.8,0.95,64,162.2,-2.3,37.8,37.8,2003-12-31,61.7,23.9,,714.2,93.4,98.10000000000002,
AMN,2002,2002-12-31,586.9,46.8,1.12,86.3,188.8,0.3,52.4,52.4,2002-12-31,86.6,34.3,,775.7,98.7,102.5,
AMN,2001,2001-12-31,388.3,30.6,0.14,11,129.5,-13.9,-4.4,-4.4,2001-12-31,-2.9,1.5,,517.8,105.3,118.5,
AMN,2000,2000-12-31,170.6,22.5,-0.17,4.4,60.2,-10,-3.9,-3.9,2000-12-31,-5.6,-1.7,,230.8,52.4,55.80000000000001,
AMN,1999,1999-12-31,111.8,21.7,-0.24,-1.1,34.7,-5.4,-5.6,-5.6,1999-12-31,-6.5,-0.9,,146.5,33.1,35.8,
AMN,1998,1998-12-31,67.2,17.8,0.09,6.3,20.5,-3.1,1.6,1.6,1998-12-31,3.2,1.6,,87.7,12.8,14.200000000000003,
AMN,1997,1997-12-31,53.6,17.8,0.23,4.6,15.2,-0.4,4,4,1997-12-31,4.2,0.2,,68.8,10.4,10.600000000000001,
AMN,1996,1996-12-31,36.3,17.8,0.25,4.6,11.7,0,4.5,4.5,1996-12-31,4.7,0.2,,48,7,7,
VZ,2019,2019-12-31,54726,4140,5.57451,26648,77142,-4624,19265,19788,2019-12-31,22733,2945,,131868,29431,50494,709
VZ,2018,2018-12-31,55205,4132,5.01805,23660,75658,-4925,15528,16039,2018-12-31,19623,3584,,130863,28248,51998,888
VZ,2017,2017-12-31,52892,4089,3.73662,24548,73142,-4728,30101,13789,2017-12-31,20594,6805,,126034,28968,48594,774
VZ,2016,2016-12-31,52701,4086,3.78335,24925,73279,-4415,13127,13608,2016-12-31,20986,7378,,125980,28830,48354,476
VZ,2015,2015-12-31,52557,4093,3.96917,33060,79063,-4891,17879,18375,2015-12-31,28240,9865,,131620,32496,46003,71
VZ,2014,2014-12-31,49904,3981,4.1,18199,77175,-3027,9625,11956,2014-12-31,15270,3314,,127079,33909,58976,98
VZ,2013,2013-12-31,44887,2874,2.18,31968,75663,-2461,11497,23547,2013-12-31,29277,5730,,120550,33599,43695,-230
VZ,2012,2012-12-31,46235,2862,2.09,13160,69611,-2191,875,10557,2012-12-31,9897,-660,,115846,32145,56451,-1072
VZ,2011,2011-12-31,45875,2833,1.71,12880,65000,-6035,-865,6929,2011-12-31,7214,285,,110875,29670,52120,369
VZ,2010,2010-12-31,42008,2833,1.8,14645,64557,-1918,2549,10217,2010-12-31,12684,2467,,106565,29281,49912,-43
VZ,2009,2009-12-31,44299,2841,3.96,14027,63509,-2474,3651,10358,2009-12-31,11568,1210,,107808,32950,49482,15
VZ,2008,2008-12-31,39007,2850,2.87,16884,58347,-7091,6428,6428,2008-12-31,9759,3331,,97354,26898,41463,-34
VZ,2007,2007-12-31,37547,2902,2.22,15578,55922,-6115,5521,5510,2007-12-31,9492,3982,,93469,25967,40344,29
VZ,2006,2006-12-31,34994,2938,1.88,13373,53150,-5614,6197,5480,2006-12-31,8154,2674,,88144,25232,39777,395
VZ,2005,2005-12-31,25469,2817,2.52,14814,49643,-4444,7397,7397,2005-12-31,10607,3210,,75112,21312,34829,237
VZ,2004,2004-12-31,23168,2831,2.59,13117,48115,-3027,7831,7261,2004-12-31,10112,2851,,71283,21088,34998,22
VZ,2003,2003-12-31,21783,2789,1.23,7494,45969,-2771,3077,3509,2003-12-31,4761,1252,,67752,24999,38475,38
VZ,2002,2002-12-31,41952,2745,0.93,14997,25673,-8921,4079,4584,2002-12-31,6202,1618,,67625,,10676,126
VZ,2001,2001-12-31,41651,2730,0.3,11532,25539,-9033,389,590,2001-12-31,2766,2176,,67190,,14007,267
VZ,2000,2000-12-31,39481,2737,3.11,16758,25226,86,11797,10810,2000-12-31,17819,7009,,64707,,8468,975
VZ,1999,1999-12-31,10217,1583,2.66,8495,22957,-1120,4202,4208,1999-12-31,6765,2557,,33174,8241,14462,-610
VZ,1998,1998-12-31,9803,1578,1.87,6627,21763,-1750,2965,2991,1998-12-31,4999,2008,,31566,9266,15136,122
VZ,1997,1997-12-31,9941,1571,1.56,5342,20253,-1354,2455,2455,1997-12-31,3984,1529,,30194,9047,14911,-3
VZ,1996,1996-12-31,3629,879,1.98,2937,9453,-478,1882,1739,1996-12-31,2751,1011,,13081,3922,6516,292
VZ,1995,1995-12-31,3694,877,2.12,3086,9735,-561,1858,1862,1995-12-31,3009,1148,,13430,4022,6649,484
VZ,1994,1994-12-31,4002,874,1.6,2805,9790,-582,-755,1402,1994-12-31,2287,885,,13791,4333,6985,64
VZ,1993,1993-12-31,3620,873,1.7,2798,9370,-612,1403,1482,1993-12-31,2274,792,,12990,4028,6573,88
VZ,1992,1992-12-31,3782,866,1.61,2506,8865,-695,1341,1382,1992-12-31,2026,644,,12647,3942,6359,214
VZ,1991,1991-12-31,7456,790,1.7,2525,4824,-705,-223,1332,1991-12-31,1996,665,,12280,,2298,176
VZ,1990,1990-12-31,7311,787,1.69,2610,4987,-660,1313,1313,1990-12-31,1982,670,,12298,,2377,32
VZ,1989,1989-12-31,7016,792,1.36,2013,4433,-543,1075,1075,1989-12-31,1546,471,,11449,,2420,76
VZ,1988,1988-12-31,6282,792,1.66,2245,4599,-507,1317,1317,1988-12-31,1847,530,,10880,,2354,109
VZ,1987,1987-12-31,5835,796,1.56,2346,4463,-514,1240,1240,1987-12-31,1954,714,,10298,,2117,123
VZ,1986,1986-12-31,5530,798,1.46,2464,4391,-467,1167,1167,1986-12-31,2072,905,,9921,,1927,75
VZ,1985,1985-12-31,5276,799,1.37,2325,3808,-483,1093,1093,1985-12-31,1903,810,,9084,,1484,62
VZ,1984,1984-12-31,4788,783,1.24,2108,3302,-448,973,973,1984-12-31,1705,732,,8090,,1194,45
AWK,2019,2019-12-31,,181,3.58745,1166,,-382,621,621,2019-12-31,833,212,,3610,,2444,49
AWK,2018,2018-12-31,,180,3.38367,1098,,-350,567,577,2018-12-31,787,210,,3440,,2342,39
AWK,2017,2017-12-31,,179,3.04784,1246,,-342,426,551,2017-12-31,912,361,,3357,,2111,8
AWK,2016,2016-12-31,,179,2.58057,1085,,-325,468,468,2016-12-31,770,302,,3302,,2217,10
AWK,2015,2015-12-31,,180,2.6343,1075,,-308,476,476,2015-12-31,782,306,,3159,,2084,15
AWK,2014,2014-12-31,1349.864,179.806,2.38374,1002.576,,-282.54,423.108,429.841,2014-12-31,709.814,279.973,,3011.328,,658.8879999999999,-10.222
AWK,2013,2013-12-31,1312.7,179.1,2.2,905.3,,-289.1,369.3,369.3,2013-12-31,605.5,236.2,,2901.9,,683.8999999999999,-10.6
AWK,2012,2012-12-31,1350,177.7,2.1,925,,-287.6,358.1,374.3,2012-12-31,631.3,257,,2876.9,,601.9000000000001,-6.1
AWK,2011,2011-12-31,1301.8,176.5,1.72,803.1,,-293.6,309.6,304.9,2011-12-31,503.7,198.8,,2666.2,,561.3,-5.9
AWK,2010,2010-12-31,1389.2,175.1,1.53,748.1,,-299,267.8,267.8,2010-12-31,449.4,181.6,,2710.7,,573.3999999999999,0.3
AWK,2009,2009-12-31,1324.4,168.2,1.24,173.6,,-278.1,-233.1,-233.1,2009-12-31,-111.7,121.4,,2440.7,,942.6999999999998,-7.2
AWK,2008,2008-12-31,1303.8,160,-0.47,-186.9,,-262.7,-562.4,-562.4,2008-12-31,-450.6,111.8,,2336.9,,1220.0000000000002,-1
AWK,2007,2007-12-31,1246.5,160,-0.1,15.1,,-272.2,-342.8,-342.3,2007-12-31,-255.5,86.8,,2214.2,,952.5999999999999,1.5
AWK,2006,2006-12-31,1174.5,160,-0.07,252.5,,-357.6,-162.2,-155.9,2006-12-31,-108.9,46.9,,2093.1,,666.0999999999999,-3.9
AWK,2005,2005-12-31,1201.6,160,-0.18,111.6,,-337.3,-325,-275.1,2005-12-31,-224.2,51,,2136.7,,823.6000000000001,1.5
AWK,2004,2004-12-31,1122,160,0.58,430.4,,-308,-64.9,59.1,2004-12-31,125.4,66.3,,2017.9,,465.5,3
AWK,2003,2003-12-31,1089.1,160,0.23,439.2,,-280.5,42.1,42.1,2003-12-31,102.4,60.3,,1890.3,,362,-56.3
AWK,2002,2002-12-31,99.6,160,-0.25,-128.1,,-26.7,-158.4,-158.4,2002-12-31,-149.5,8.9,,198.8,,227.4,5.3
D,2019,2019-12-31,88,808.9,3.62877,2523,,-1614,1358,1376,2019-12-31,1727,351,,15090,123,13961,818
D,2018,2018-12-31,122,654.9,3.83581,3601,,-1296,2447,2595,2018-12-31,3129,534,,12153,,9643,824
D,2017,2017-12-31,6,636,3.22496,3937,,-1191,2999,2269,2017-12-31,3090,821,,12122,,8643,344
D,2016,2016-12-31,99,617.1,3.41148,3448,,-899,2123,2212,2016-12-31,2867,655,,11357,,8190,318
D,2015,2015-12-31,330,593.7,3.19859,3536,,-904,1899,1923,2015-12-31,2828,905,,11275,,7817,196
D,2014,2014-12-31,361,585,2.24,2721,,-1193,1310,1326,2014-12-31,1778,452,,11927,,9354,250
D,2013,2013-12-31,1689,580,3.09,3316,,-877,1697,1812,2013-12-31,2704,892,,12492,,8115,265
D,2012,2012-12-31,1564,574,0.92,1156,,-882,302,351,2012-12-31,497,146,,12566,,10373,223
D,2011,2011-12-31,2218,575,2.98,2861,,-869,1408,1426,2011-12-31,2171,745,,13876,,9300,179
D,2010,2010-12-31,2503,590,1.65,5700,,-832,2808,2980,2010-12-31,5037,2057,,14763,,6994,169
D,2009,2009-12-31,2792,594,2.72,2629,,-894,1287,1304,2009-12-31,1916,612,,14695,,9710,181
D,2008,2008-12-31,3869,581,3.47,3626,,-853,1834,1836,2008-12-31,2715,879,,16095,,8795,-58
D,2007,2007-12-31,3457,655,0.78,5567,,-1175,2539,2711,2007-12-31,4494,1783,,15432,,6650,102
D,2006,2006-12-31,4440,703,2.22,3345,,-1030,1380,1569,2006-12-31,2489,920,,15925,,8697,174
D,2005,2005-12-31,5837,689,1.5,2439,,-991,1033,1034,2005-12-31,1616,582,,17640,,9765,168
D,2004,2004-12-31,4521,661,1.91,2717,,-939,1249,1264,2004-12-31,1964,700,,12371,,6734,186
D,2003,2003-12-31,3250,638,1.49,2561,,-975,318,949,2003-12-31,1546,597,,11225,,6267,-40
D,2002,2002-12-31,2009,565,2.4,2885,,-945,1362,1362,2002-12-31,2043,681,,9566,,5324,103
D,2001,2001-12-31,2721,505,1.2,1785,,-997,544,544,2001-12-31,914,370,,9665,,6052,126
D,2000,2000-12-31,2493,472,1.56,1529,,-1024,436,417,2000-12-31,600,183,,7898,,5238,95
D,1999,1999-12-31,809,383,1.41,1311,,-574,296,569,1999-12-31,828,259,,4274,0,3400,91
D,1998,1998-12-31,806,390,1.09,1091,,-648,536,563,1998-12-31,869,306,,5294,655,4189,93
D,1997,1997-12-31,718,370,1.18,1477,,-675,399,446,1997-12-31,679,233,,7049,1466,5483,-123
D,1996,1996-12-31,701,357,1.5,1104,,-430,472,472,1996-12-31,685,213,,4383,,3037,10
D,1995,1995-12-31,688,348,1.47,1026,,-426,425,425,1995-12-31,607,182,,4350,,2938,7
D,1994,1994-12-31,,341,1.4,1038,,-403,478,478,1994-12-31,649,171,,4171,0,3453,14
D,1993,1993-12-31,,331,1.56,1127,,-416,517,517,1993-12-31,727,210,,4434,0,3307,15
D,1992,1992-12-31,,322,1.33,1029,,-419,445,429,1992-12-31,633,204,,3791,0,2762,23
D,1991,1991-12-31,,313,1.47,1095,,-466,460,460,1991-12-31,671,211,,3786,0,2691,41
D,1990,1990-12-31,,305,1.46,1050,,-485,446,446,1990-12-31,642,196,,3533,0,2482,77
D,1989,1989-12-31,,298,1.38,1004,,-468,411,411,1989-12-31,577,166,,3662,0,2658,40
D,1988,1988-12-31,,291,1.51,901,,-412,438,438,1988-12-31,563,124,,3271,0,2370,73
D,1987,1987-12-31,,285,1.51,681,,,431,431,1987-12-31,681,251,,3251,176,2570,
D,1986,1986-12-31,,278,1.36,700,,,380,380,1986-12-31,700,321,,3072,185,2371,
D,1985,1985-12-31,,266,0.47,640,,,124,124,1985-12-31,366,242,,2712,144,2072,-274
D,1984,1984-12-31,,254,1.15,764,,,293,293,1984-12-31,499,205,,2605,,1840,-266
D,1983,1983-12-31,,244,1.04,470,,,253,253,1983-12-31,456,204,,2612,0,2142,-13
GOOGL,2019,2019-12-31,71896,698.556,51.26832,34231,89961,5473,34343,34343,2019-12-31,39625,5282,26018,161857,28015,55730,-79
GOOGL,2018,2018-12-31,59549,703.285,50.05127,27524,77270,8383,30736,30736,2018-12-31,34913,4177,21419,136819,23256,49746,-994
GOOGL,2017,2017-12-31,45583,703.584,35.17478,26178,65272,765,12662,22486,2017-12-31,27193,4707,16625,110855,19733,39094,250
GOOGL,2016,2016-12-31,35138,698.706,27.87725,23716,55134,90,19478,19478,2016-12-31,24150,4672,13948,90272,17470,31418,344
GOOGL,2015,2015-12-31,28164,692.93,22.83925,19360,46825,35,16348,16348,2015-12-31,19651,3303,12282,74989,15183,27465,256
GOOGL,2014,2014-12-31,25313,687,20.26,16496,40688,585,14136,13620,2014-12-31,17259,3639,9832,66001,13982,24192,178
GOOGL,2013,2013-12-31,21993,737,17.92,15403,33526,305,12733,13160,2013-12-31,15899,2739,7137,55519,10986,18123,248
GOOGL,2012,2012-12-31,17176,665,17.16,13834,28863,-145,10737,11553,2012-12-31,14469,2916,6083,46039,8946,15029,592
GOOGL,2011,2011-12-31,13188,654,15.61,11632,24717,629,9737,9737,2011-12-31,12326,2589,5162,37905,7313,13085,65
GOOGL,2010,2010-12-31,10417,647,13.16,10381,18904,404,8505,8505,2010-12-31,10796,2291,3762,29321,4761,8523,11
GOOGL,2009,2009-12-31,8844,639,10.21,8312,14806,67,6520,6520,2009-12-31,8381,1861,2843,23651,3651,6494,2
GOOGL,2008,2008-12-31,8622,635,7.9,5537,13174,312,4227,4227,2008-12-31,5854,1627,2793,21796,3749,7636,5
GOOGL,2007,2007-12-31,6649,632,6.65,5084,9945,594,4204,4204,2007-12-31,5674,1470,2120,16594,2741,4861,-5
GOOGL,2006,2006-12-31,4225,619,4.97,3550,6380,458,3077,3077,2006-12-31,4011,934,1229,10605,1601,2830,3
GOOGL,2005,2005-12-31,2577,584,2.62,2017,3561,120,1465,1465,2005-12-31,2142,676,600,6139,855,1544,4
GOOGL,2004,2004-12-31,1469,546,0.96,640,1720,15,399,399,2004-12-31,650,251,395,3189,484,1080,-5
GOOGL,2003,2003-12-31,634,513,0.21,342,832,1,106,106,2003-12-31,347,241,230,1466,259,489,3
GOOGL,2002,2002-12-31,133,441,0.23,186,307,-1,100,100,2002-12-31,185,85,40,440,80,120,0
GOOGL,2001,2001-12-31,15,374,0.02,11,71,-1,7,7,2001-12-31,10,3,21,86,39,60,0
GOOGL,2000,2000-12-31,6,134,-0.11,-15,13,,-15,-15,2000-12-31,-15,0,12,19,16,28,0
GOOGL,1999,1999-12-31,1,85,-0.07,-7,-1,,-6,-6,1999-12-31,-6,0,3,0,3,6,0
ADBE,2019,2019-11-29,1672.72,491.572,6.33064,3268.121,9498.577,-83.73,2951.458,2954.413,2019-11-29,3204.741,250.328,1930.228,11171.297,3954.084,6230.456,20.35
ADBE,2018,2018-11-30,1194.999,497.843,5.57761,2840.369,7835.009,-86.401,2590.774,2776.774,2018-11-30,2793.876,17.102,1537.812,9030.008,3365.727,4994.64,39.908
ADBE,2017,2017-12-01,1010.491,501.123,3.38032,2168.095,6291.014,-54.194,1693.954,1693.954,2017-12-01,2137.641,443.687,1224.059,7301.505,2822.298,4122.919,23.74
ADBE,2016,2016-12-02,819.908,504.299,2.3152,1493.602,5034.522,-96.522,1168.782,1168.782,2016-12-02,1435.138,266.356,975.987,5854.43,2487.907,3540.9200000000005,38.058
ADBE,2015,2015-11-27,744.317,507.164,1.24353,903.095,4051.194,-51.639,629.551,629.551,2015-11-27,873.781,244.23,862.73,4795.511,2215.161,3148.099,22.325
ADBE,2014,2014-11-28,622,508,0.56,413,3525,-52,268,268,2014-11-28,361,93,844,4147,2196,3112,1
ADBE,2013,2013-11-29,587,513,0.61,423,3469,-68,290,290,2013-11-29,356,66,827,4055,2141,3046,1
ADBE,2012,2012-11-30,484,503,1.65,1180,3920,-61,833,833,2012-11-30,1119,286,743,4404,1951,2739,
ADBE,2011,2011-12-02,438,504,1.81,1099,3778,-64,833,833,2011-12-02,1035,202,738,4216,1800,2679,
ADBE,2010,2010-12-03,404,526,1.51,993,3396,-50,775,775,2010-12-03,943,168,680,3800,1628,2403,
ADBE,2009,2009-11-27,297,531,0.77,691,2649,11,387,387,2009-11-27,702,315,565,2946,1281,1958,
ADBE,2008,2008-11-28,363,549,1.64,1028,3217,50,872,872,2008-11-28,1079,207,662,3580,1427,2189,
ADBE,2007,2007-11-30,355,599,1.21,858,2803,90,724,724,2007-11-30,947,223,613,3158,1259,1945,
ADBE,2006,2006-12-01,292,612,0.85,551,2283,128,506,506,2006-12-01,680,174,540,2575,1102,1732,
ADBE,2005,2005-12-02,113,508,1.19,728,1854,37,603,603,2005-12-02,766,163,365,1966,760,1125,
ADBE,2004,2004-12-03,104,496,0.91,592,1562,17,450,450,2004-12-03,609,158,311,1667,659,971,
ADBE,2003,2003-11-28,93,483,0.55,379,1202,1,266,266,2003-11-28,380,114,277,1295,546,822,
ADBE,2002,2002-11-29,104,486,0.41,287,1061,-2,191,191,2002-11-29,285,93,246,1165,489,774,
ADBE,2001,2001-11-30,81,498,0.43,378,1148,-72,206,206,2001-11-30,307,101,224,1230,519,770,
ADBE,2000,2000-12-01,87,512,0.57,408,1179,36,288,288,2000-12-01,444,156,240,1266,518,771,
ADBE,1999,1999-12-03,95,517,0.51,260,921,115,238,238,1999-12-03,374,137,197,1015,432,661,
ADBE,1998,1998-11-27,111,544,0.24,125,783,42,105,105,1998-11-27,168,63,207,895,412,658,
ADBE,1997,1997-11-28,126,593,0.32,231,786,65,187,187,1997-11-28,296,109,171,912,379,555,
ADBE,1996,1996-11-29,141,601,0.3,147,645,98,153,153,1996-11-29,245,92,153,787,317,499,
ADBE,1995,1995-12-01,130,594,0.21,135,632,29,93,93,1995-12-01,164,70,139,762,301,498,
ADBE,1994,1994-11-25,112,49,1.39,31,486,9,6,6,1994-11-25,40,34,99,598,255,455,
ADBE,1993,1993-11-26,55,481,0.12,81,258,10,57,57,1993-11-26,91,34,65,313,112,177,
ADBE,1992,1992-11-27,48,373,0.13,68,217,1,44,44,1992-11-27,70,26,50,266,93,150,
ADBE,1991,1991-11-29,44,367,0.14,78,186,6,52,52,1991-11-29,84,32,33,230,75,108,
ADBE,1990,1990-11-30,30,351,0.11,62,138,4,40,40,1990-11-30,66,26,20,169,56,77,
ADBE,1989,1989-11-30,19,347,0.1,52,102,3,34,34,1989-11-30,55,21,13,121,37,51,
ADBE,1988,1988-11-30,15,344,0.06,34,69,2,21,21,1988-11-30,36,15,7,83,27,34,
ADBE,1987,1987-11-30,6,337,0.03,16,34,1,9,9,1987-11-30,17,8,4,39,13,17,
ADBE,1986,1986-11-30,2,303,0.01,7,14,0,4,4,1986-11-30,7,4,3,16,5,7,
ADBE,1985,1985-11-30,0,290,0,1,4,0,0,0,1985-11-30,1,0,2,5,2,4,
ADBE,1984,1984-11-30,0,173,0,0,2,0,0,0,1984-11-30,0,0,1,2,1,2,
