symbol,year,period,costOfGoodsSold,dilutedAverageSharesOutstanding,dilutedEPS,ebit,grossIncome,interestIncomeExpense,netIncome,netIncomeAfterTaxes,period,pretaxIncome,provisionforIncomeTaxes,researchDevelopment,revenue,sgaExpense,totalOperatingExpense,totalOtherIncomeExpenseNet
ADBE,2019,2019-11-29,1672.72,491.572,6.33064,3268.121,9498.577,-83.73,2951.458,2954.413,2019-11-29,3204.741,250.328,1930.228,11171.297,3954.084,6230.456,20.35
ADBE,2018,2018-11-30,1194.999,497.843,5.57761,2840.369,7835.009,-86.401,2590.774,2776.774,2018-11-30,2793.876,17.102,1537.812,9030.008,3365.727,4994.64,39.908
ADBE,2017,2017-12-01,1010.491,501.123,3.38032,2168.095,6291.014,-54.194,1693.954,1693.954,2017-12-01,2137.641,443.687,1224.059,7301.505,2822.298,4122.919,23.74
ADBE,2016,2016-12-02,819.908,504.299,2.3152,1493.602,5034.522,-96.522,1168.782,1168.782,2016-12-02,1435.138,266.356,975.987,5854.43,2487.907,3540.9200000000005,38.058
ADBE,2015,2015-11-27,744.317,507.164,1.24353,903.095,4051.194,-51.639,629.551,629.551,2015-11-27,873.781,244.23,862.73,4795.511,2215.161,3148.099,22.325
ADBE,2014,2014-11-28,622,508,0.56,413,3525,-52,268,268,2014-11-28,361,93,844,4147,2196,3112,1
ADBE,2013,2013-11-29,587,513,0.61,423,3469,-68,290,290,2013-11-29,356,66,827,4055,2141,3046,1
ADBE,2012,2012-11-30,484,503,1.65,1180,3920,-61,833,833,2012-11-30,1119,286,743,4404,1951,2739,
ADBE,2011,2011-12-02,438,504,1.81,1099,3778,-64,833,833,2011-12-02,1035,202,738,4216,1800,2679,
ADBE,2010,2010-12-03,404,526,1.51,993,3396,-50,775,775,2010-12-03,943,168,680,3800,1628,2403,
ADBE,2009,2009-11-27,297,531,0.77,691,2649,11,387,387,2009-11-27,702,315,565,2946,1281,1958,
ADBE,2008,2008-11-28,363,549,1.64,1028,3217,50,872,872,2008-11-28,1079,207,662,3580,1427,2189,
ADBE,2007,2007-11-30,355,599,1.21,858,2803,90,724,724,2007-11-30,947,223,613,3158,1259,1945,
ADBE,2006,2006-12-01,292,612,0.85,551,2283,128,506,506,2006-12-01,680,174,540,2575,1102,1732,
ADBE,2005,2005-12-02,113,508,1.19,728,1854,37,603,603,2005-12-02,766,163,365,1966,760,1125,
ADBE,2004,2004-12-03,104,496,0.91,592,1562,17,450,450,2004-12-03,609,158,311,1667,659,971,
ADBE,2003,2003-11-28,93,483,0.55,379,1202,1,266,266,2003-11-28,380,114,277,1295,546,822,
ADBE,2002,2002-11-29,104,486,0.41,287,1061,-2,191,191,2002-11-29,285,93,246,1165,489,774,
ADBE,2001,2001-11-30,81,498,0.43,378,1148,-72,206,206,2001-11-30,307,101,224,1230,519,770,
ADBE,2000,2000-12-01,87,512,0.57,408,1179,36,288,288,2000-12-01,444,156,240,1266,518,771,
ADBE,1999,1999-12-03,95,517,0.51,260,921,115,238,238,1999-12-03,374,137,197,1015,432,661,
ADBE,1998,1998-11-27,111,544,0.24,125,783,42,105,105,1998-11-27,168,63,207,895,412,658,
ADBE,1997,1997-11-28,126,593,0.32,231,786,65,187,187,1997-11-28,296,109,171,912,379,555,
ADBE,1996,1996-11-29,141,601,0.3,147,645,98,153,153,1996-11-29,245,92,153,787,317,499,
ADBE,1995,1995-12-01,130,594,0.21,135,632,29,93,93,1995-12-01,164,70,139,762,301,498,
ADBE,1994,1994-11-25,112,49,1.39,31,486,9,6,6,1994-11-25,40,34,99,598,255,455,
ADBE,1993,1993-11-26,55,481,0.12,81,258,10,57,57,1993-11-26,91,34,65,313,112,177,
ADBE,1992,1992-11-27,48,373,0.13,68,217,1,44,44,1992-11-27,70,26,50,266,93,150,
ADBE,1991,1991-11-29,44,367,0.14,78,186,6,52,52,1991-11-29,84,32,33,230,75,108,
ADBE,1990,1990-11-30,30,351,0.11,62,138,4,40,40,1990-11-30,66,26,20,169,56,77,
ADBE,1989,1989-11-30,19,347,0.1,52,102,3,34,34,1989-11-30,55,21,13,121,37,51,
ADBE,1988,1988-11-30,15,344,0.06,34,69,2,21,21,1988-11-30,36,15,7,83,27,34,
ADBE,1987,1987-11-30,6,337,0.03,16,34,1,9,9,1987-11-30,17,8,4,39,13,17,
ADBE,1986,1986-11-30,2,303,0.01,7,14,0,4,4,1986-11-30,7,4,3,16,5,7,
ADBE,1985,1985-11-30,0,290,0,1,4,0,0,0,1985-11-30,1,0,2,5,2,4,
ADBE,1984,1984-11-30,0,173,0,0,2,0,0,0,1984-11-30,0,0,1,2,1,2,
BABA,2020,2020-03-31,279713,21346,8.47808,79412,229998,79183,149263,146083,2020-03-31,166645,20562,43080,509711,78870,150586,8050
BABA,2019,2019-03-31,204086,20984,4.90326,45870,172758,47916,87600,79668,2019-03-31,96221,16553,37435,376844,64669,126888,2435
BABA,2018,2018-03-31,106243,20880,4.10824,67297,144023,27003,63985,82204,2018-03-31,100403,18199,22754,250266,43540,76726,6103
BABA,2017,2017-03-31,58626,20584,2.29644,45666,99647,10341,43675,46253,2017-03-31,60029,13776,17060,158273,28553,53981,4022
BABA,2016,2016-03-31,34355,20496,3.59949,27936,66788,51210,71460,73019,2016-03-31,81468,8449,13788,101143,20512,38852,2322
BABA,2015,2015-03-31,23834,20000,1.23126,22716,52370,7124,24261,25910,2015-03-31,32326,6416,10658,76204,16313,29654,2486
BABA,2014,2014-03-31,13369,18656,1.24,24801,39135,-428,23315,23606,2014-03-31,26802,3196,5093,52504,8763,14334,2429
BABA,2013,2013-03-31,9719,19112,0.61,10506,24798,-1288,8532,8655,2013-03-31,10112,1457,3753,34517,6502,14292,894
BABA,2012,2012-03-31,6554,20176,0.22,4944,13471,261,4228,4690,2012-03-31,5532,842,2897,20025,5269,8527,327
BABA,2011,2011-03-31,3497,19720,0.06,1322,8406,545,1183,1608,2011-03-31,1935,327,2062,11903,4878,7084,68
BABA,2010,2010-03-31,1634,18872,0,-873,5036,384,-802,-470,2010-03-31,-289,181,1135,6670,3335,5909,200
GOOGL,2019,2019-12-31,71896,698.556,51.26832,34231,89961,5473,34343,34343,2019-12-31,39625,5282,26018,161857,28015,55730,-79
GOOGL,2018,2018-12-31,59549,703.285,50.05127,27524,77270,8383,30736,30736,2018-12-31,34913,4177,21419,136819,23256,49746,-994
GOOGL,2017,2017-12-31,45583,703.584,35.17478,26178,65272,765,12662,22486,2017-12-31,27193,4707,16625,110855,19733,39094,250
GOOGL,2016,2016-12-31,35138,698.706,27.87725,23716,55134,90,19478,19478,2016-12-31,24150,4672,13948,90272,17470,31418,344
GOOGL,2015,2015-12-31,28164,692.93,22.83925,19360,46825,35,16348,16348,2015-12-31,19651,3303,12282,74989,15183,27465,256
GOOGL,2014,2014-12-31,25313,687,20.26,16496,40688,585,14136,13620,2014-12-31,17259,3639,9832,66001,13982,24192,178
GOOGL,2013,2013-12-31,21993,737,17.92,15403,33526,305,12733,13160,2013-12-31,15899,2739,7137,55519,10986,18123,248
GOOGL,2012,2012-12-31,17176,665,17.16,13834,28863,-145,10737,11553,2012-12-31,14469,2916,6083,46039,8946,15029,592
GOOGL,2011,2011-12-31,13188,654,15.61,11632,24717,629,9737,9737,2011-12-31,12326,2589,5162,37905,7313,13085,65
GOOGL,2010,2010-12-31,10417,647,13.16,10381,18904,404,8505,8505,2010-12-31,10796,2291,3762,29321,4761,8523,11
GOOGL,2009,2009-12-31,8844,639,10.21,8312,14806,67,6520,6520,2009-12-31,8381,1861,2843,23651,3651,6494,2
GOOGL,2008,2008-12-31,8622,635,7.9,5537,13174,312,4227,4227,2008-12-31,5854,1627,2793,21796,3749,7636,5
GOOGL,2007,2007-12-31,6649,632,6.65,5084,9945,594,4204,4204,2007-12-31,5674,1470,2120,16594,2741,4861,-5
GOOGL,2006,2006-12-31,4225,619,4.97,3550,6380,458,3077,3077,2006-12-31,4011,934,1229,10605,1601,2830,3
GOOGL,2005,2005-12-31,2577,584,2.62,2017,3561,120,1465,1465,2005-12-31,2142,676,600,6139,855,1544,4
GOOGL,2004,2004-12-31,1469,546,0.96,640,1720,15,399,399,2004-12-31,650,251,395,3189,484,1080,-5
GOOGL,2003,2003-12-31,634,513,0.21,342,832,1,106,106,2003-12-31,347,241,230,1466,259,489,3
GOOGL,2002,2002-12-31,133,441,0.23,186,307,-1,100,100,2002-12-31,185,85,40,440,80,120,0
GOOGL,2001,2001-12-31,15,374,0.02,11,71,-1,7,7,2001-12-31,10,3,21,86,39,60,0
GOOGL,2000,2000-12-31,6,134,-0.11,-15,13,,-15,-15,2000-12-31,-15,0,12,19,16,28,0
GOOGL,1999,1999-12-31,1,85,-0.07,-7,-1,,-6,-6,1999-12-31,-6,0,3,0,3,6,0
AAPL,2019,2019-09-28,161782,18595.652,2.97145,63930,98392,1385,55256,55256,2019-09-28,65737,10481,16217,260174,18245,34462,422
AAPL,2018,2018-09-29,163756,20000.436,3.05148,70898,101839,2446,59531,61031,2018-09-29,72903,11872,14236,265595,16705,30941,-441
AAPL,2017,2017-09-30,141048,21006.768,2.30169,61344,88186,2878,48351,48351,2017-09-30,64089,15738,11581,229234,15261,26842,-133
AAPL,2016,2016-09-24,131376,22001.124,2.07658,60024,84263,2543,45687,45687,2016-09-24,61372,15685,10045,215639,14194,24239,-1195
AAPL,2015,2015-09-26,140089,23172.276,2.30422,71230,93626,2188,53394,53394,2015-09-26,72515,19121,8067,233715,14329,22396,-903
AAPL,2014,2014-09-27,112258,6123,6.45,52503,70537,1291,39510,39510,2014-09-27,53483,13973,6041,182795,11993,18034,-311
AAPL,2013,2013-09-28,106606,6522,5.68,48999,64304,1180,37037,37037,2013-09-28,50155,13118,4475,170910,10830,15305,-24
AAPL,2012,2012-09-29,87846,6617,6.31,55241,68662,1088,41733,41733,2012-09-29,55763,14030,3381,156508,10040,13421,-566
AAPL,2011,2011-09-24,64431,6557,3.95,33790,43818,519,25922,25922,2011-09-24,34205,8283,2429,108249,7599,10028,-104
AAPL,2010,2010-09-25,39541,6473,2.16,18385,25684,311,14013,14013,2010-09-25,18540,4527,1782,65225,5517,7299,-156
AAPL,2009,2009-09-26,25683,6349,1.3,11740,17222,407,8235,8235,2009-09-26,12066,3831,1333,42905,4149,5482,-81
AAPL,2008,2008-09-27,21334,6315,0.77,6275,11145,653,4834,4834,2008-09-27,6895,2061,1109,32479,3761,4870,-33
AAPL,2007,2007-09-29,15852,6225,0.56,4409,8154,647,3496,3496,2007-09-29,5008,1512,782,24006,2963,3745,-48
AAPL,2006,2006-09-30,13717,6143,0.32,2453,5598,394,1989,1989,2006-09-30,2818,829,712,19315,2433,3145,-29
AAPL,2005,2005-09-24,9888,5997,0.22,1650,4043,183,1335,1335,2005-09-24,1815,480,534,13931,1859,2393,-18
AAPL,2004,2004-09-25,6020,5422,0.05,326,2259,66,276,276,2004-09-25,383,107,489,8279,1421,1933,-9
AAPL,2003,2003-09-27,4499,5089,0.02,-1,1708,92,69,68,2003-09-27,92,24,471,6207,1212,1709,1
AAPL,2002,2002-09-28,4139,5065,0.02,17,1603,65,65,65,2002-09-28,87,22,446,5742,1109,1586,5
AAPL,2001,2001-09-29,4128,4839,0,-344,1235,277,-25,-37,2001-09-29,-52,-15,430,5363,1138,1579,15
AAPL,2000,2000-09-30,5817,5045,0.16,522,2166,556,786,786,2000-09-30,1092,306,380,7983,1256,1644,14
AAPL,1999,1999-09-25,4438,4877,0.14,359,1696,327,601,601,1999-09-25,676,75,314,6134,996,1337,-10
AAPL,1998,1998-09-25,4462,4702,0.08,261,1479,78,309,309,1998-09-25,329,20,303,5941,908,1218,-10
AAPL,1997,1997-09-26,5713,3530,-0.11,-1070,1368,11,-1045,-1045,1997-09-26,-1045,0,485,7081,1286,2438,14
AAPL,1996,1996-09-27,8865,3465,-0.2,-1383,968,0,-816,-816,1996-09-27,-1295,-479,604,9833,1568,2351,88
AAPL,1995,1995-09-29,8204,3445,0.12,684,2858,52,424,424,1995-09-29,674,250,614,11062,1583,2174,-62
AAPL,1994,1994-09-30,6845,3325,0.07,522,2344,4,310,310,1994-09-30,500,190,564,9189,1384,1821,-26
AAPL,1993,1993-09-24,5249,3340,0.09,110,2728,58,87,87,1993-09-24,140,53,665,7977,1632,2618,-29
AAPL,1992,1992-09-25,3991,3430,0.15,806,3095,63,530,530,1992-09-25,855,325,602,7087,1687,2290,-13
AAPL,1991,1991-09-27,3314,3368,0.13,447,2995,0,310,310,1991-09-27,500,190,583,6309,1740,2548,52
AAPL,1990,1990-09-28,2606,3523,0.14,712,2952,0,475,475,1990-09-28,779,304,478,5558,1729,2240,67
AAPL,1989,1989-09-29,2695,3603,0.13,634,2589,0,454,454,1989-09-29,744,290,420,5284,1535,1955,110
AAPL,1988,1988-09-30,1991,3637,0.11,620,2080,0,400,400,1988-09-30,656,256,273,4071,1188,1460,36
AAPL,1987,1987-09-25,1296,3685,0.06,371,1365,0,217,217,1987-09-25,410,193,192,2661,802,994,39
AAPL,1986,1986-09-26,891,3602,0.04,274,1011,0,154,154,1986-09-26,310,156,128,1902,609,737,36
AAPL,1985,1985-09-27,1118,3466,0.02,103,800,0,61,61,1985-09-27,120,59,73,1918,588,698,17
AAPL,1984,1984-09-28,879,3410,0.02,86,637,0,64,64,1984-09-28,109,45,71,1516,480,551,23
AAPL,1983,1983-09-30,506,3353,0.02,130,477,0,77,77,1983-09-30,146,69,60,983,287,347,16
ANET,2019,2019-12-31,866.368,80.879,10.62659,805.774,1544.338,56.571,859.867,859.867,2019-12-31,862.27,2.403,462.759,2410.706,275.805,738.564,-0.075
ANET,2018,2018-12-31,777.992,80.844,7.38819,273.347,1373.377,15.165,328.115,334.215,2018-12-31,288.801,-45.414,442.468,2151.369,252.562,1100.03,0.289
ANET,2017,2017-12-31,584.417,78.977,6.00514,470.272,1061.769,-2.78,423.201,475.001,2017-12-31,474.76,-0.241,349.594,1646.186,241.903,591.497,7.268
ANET,2016,2016-12-31,406.051,73.222,2.49978,243.409,723.116,-3.136,184.189,184.189,2016-12-31,242.225,58.036,273.581,1129.167,206.126,479.70700000000005,1.952
ANET,2015,2015-12-31,294.031,71.411,1.67011,149.308,543.56,-3.152,121.102,121.102,2015-12-31,146.009,24.907,209.448,837.591,184.804,394.252,-0.147
ANET,2014,2014-12-31,192,54.6,1.29,125.5,392.1,-6.3,86.9,86.9,2014-12-31,121.5,34.7,148.9,584.1,117.7,266.6,2.3
ANET,2013,2013-12-31,122.7,30.1,0.72,66.1,238.5,-7.1,42.5,42.5,2013-12-31,58.3,15.8,98.6,361.2,73.8,172.40000000000003,-0.8
ANET,2012,2012-12-31,61.3,24.9,0.39,39.9,132.2,-7.1,21.3,21.3,2012-12-31,33,11.6,55.2,193.4,37.1,92.2,0.1
ANET,2011,2011-12-31,43.4,63.9,0.53,44.4,96.5,-6.4,34,34,2011-12-31,37.6,3.6,26.4,139.8,25.7,52.00000000000001,-0.4
ANET,2010,2010-12-31,27.2,63.9,0.04,16.1,44.5,-12.6,2.4,2.4,2010-12-31,3.3,0.9,16.3,71.7,12.2,28.500000000000004,-0.1
BIDU,2019,2019-12-31,62850,34.88485,232.37019,7108,44563,1813,1980,-2288,2019-12-31,-340,1948,18346,107413,19910,37455,-9261
BIDU,2018,2018-12-31,51744,35.17104,661.84644,21030,50533,2367,27443,22582,2018-12-31,27325,4743,15772,102277,19231,29503,3928
BIDU,2017,2017-12-31,43062,34.95239,537.08937,15691,41747,994,18318,18288,2017-12-31,21283,2995,12928,84809,13128,26056,4598
BIDU,2016,2016-12-31,35278.945,34.75709,318.64024,10049.08,35270.419,666.654,11074.351,11595.613,2016-12-31,14509.207,2913.594,10150.753,70549.364,15070.586,25221.339,3793.473
BIDU,2015,2015-12-31,27458.03,35.03447,951.49129,11671.554,38923.699,1506.907,33334.993,32432.246,2015-12-31,37906.623,5474.377,10175.762,66381.729,17076.383,27252.145000000004,24728.162
BIDU,2014,2014-12-31,18885.45,35.19847,373.47153,12803.764,30166.868,1420.084,13144.249,12253.234,2014-12-31,14484.406,2231.172,6980.962,49052.318,10382.142,17363.103999999996,260.558
BIDU,2013,2013-12-31,11472,35,299.48,11192,20472,807,10487,10356,2013-12-31,12185,1829,4107,31944,5174,9280,186
BIDU,2012,2012-12-31,6449,35,298.92,11051,15857,460,10456,10391,2012-12-31,11965,1574,2305,22306,2501,4806,454
BIDU,2011,2011-12-31,3897,35,189.88,7577,10604,154,6639,6620,2011-12-31,7809,1189,1334,14501,1693,3027,78
BIDU,2010,2010-12-31,2149,35,100.96,3959,5766,58,3525,3525,2010-12-31,4061,536,718,7915,1089,1807,44
BIDU,2009,2009-12-31,1616,35,42.7,1605,2832,32,1485,1485,2009-12-31,1683,198,423,4448,804,1227,46
BIDU,2008,2008-12-31,1155,35,30.19,1097,2043,46,1048,1048,2008-12-31,1164,116,286,3198,660,947,22
BIDU,2007,2007-12-31,645,35,18.11,547,1099,47,629,629,2007-12-31,616,-13,141,1744,411,552,22
BIDU,2006,2006-12-31,245,35,8.61,263,592,42,302,297,2006-12-31,309,12,79,838,250,330,4
BIDU,2005,2005-12-31,103,32,1.49,36,216,13,48,48,2005-12-31,50,2,68,319,112,180,1
BIDU,2004,2004-12-31,33,28,0.43,11,78,1,12,12,2004-12-31,12,0,28,111,39,67,0
BIDU,2003,2003-12-31,21,10,-0.87,-9,18,0,-9,-9,2003-12-31,-9,0,10,39,17,27,0
BIDU,2002,2002-12-31,10,8,-2.44,-19,1,1,-19,-19,2002-12-31,-19,0,8,11,12,20,0
BNFT,2019,2019-12-31,144.09,32.53975,-1.36909,-24.506,151.596,-20.911,-45.515,-45.515,2019-12-31,-45.488,0.027,54.724,295.686,117.266,176.102,-0.071
BNFT,2018,2018-12-31,129.277,31.75642,-1.65721,-39.699,129.444,-12.906,-52.627,-52.627,2018-12-31,-52.599,0.028,47.902,258.721,117.024,169.14300000000003,0.006
BNFT,2017,2017-12-31,127.382,31.05238,-1.61965,-37.94,109.46,-12.199,-50.294,-50.294,2017-12-31,-50.279,0.015,49.549,236.842,93.363,147.39999999999998,-0.14
BNFT,2016,2016-12-31,123.308,29.58986,-1.36351,-32.456,113.215,-7.783,-40.346,-40.346,2016-12-31,-40.329,0.017,56.61,236.523,84.713,145.671,-0.09
BNFT,2015,2015-12-31,102.851,28.34468,-2.19032,-54.274,82.292,-7.781,-62.084,-62.084,2015-12-31,-62.059,0.025,52.25,185.143,84.316,136.566,-0.004
BNFT,2014,2014-12-31,87.47,25.2071,-2.5064,-58.903,49.95,-4.229,-63.179,-63.179,2014-12-31,-63.154,0.025,41.729,137.42,67.124,108.85300000000001,-0.022
CTSH,2019,2019-12-31,10634,560,4.34286,2453,6149,85,1842,1900,2019-12-31,2543,643,,16783,2972,3696,5
CTSH,2018,2018-12-31,9838,584,3.81595,2801,6287,-2,2101,2094,2018-12-31,2797,703,,16125,3007,3486,-2
CTSH,2017,2017-12-31,8920,595,3.66128,2481,5890,177,1504,2119,2017-12-31,2655,536,,14810,2677,3409,-3
CTSH,2016,2016-12-31,8025,610,2.5459,2289,5462,66,1553,1552,2016-12-31,2357,805,,13487,2728,3173,2
CTSH,2015,2015-12-31,7423.2,613.3,2.64732,2142,4992.8,23.4,1623.6,1623.6,2015-12-31,2163.6,540,,12416,2520.5,2850.8,-1.8
CTSH,2014,2014-12-31,6025,612,2.35,1885,4237,40,1439,1439,2014-12-31,1924,485,,10263,2037,2353,0
CTSH,2013,2013-12-31,5044,610,2.02,1678,3799,8,1229,1229,2013-12-31,1688,459,,8843,1728,2121,2
CTSH,2012,2012-12-31,4278,612,1.72,1361,3068,24,1051,1051,2012-12-31,1388,336,,7346,1558,1707,2
CTSH,2011,2011-12-31,3539,621,1.42,1136,2583,30,884,884,2011-12-31,1169,286,,6121,1329,1446,2
CTSH,2010,2010-12-31,2655,618,1.19,862,1938,16,734,734,2010-12-31,879,145,,4592,972,1076,1
CTSH,2009,2009-12-31,1849,602,0.89,618,1429,18,535,535,2009-12-31,637,102,,3279,721,811,1
CTSH,2008,2008-12-31,1573,598,0.72,517,1243,22,431,431,2008-12-31,515,84,,2816,652,727,-24
CTSH,2007,2007-12-31,1206,607,0.58,382,930,30,350,350,2007-12-31,414,64,,2136,494,548,3
CTSH,2006,2006-12-31,788,602,0.39,259,636,18,233,233,2006-12-31,278,45,,1424,343,377,1
CTSH,2005,2005-12-31,480,588,0.28,178,406,9,166,166,2005-12-31,185,19,,886,207,228,-1
CTSH,2004,2004-12-31,320,570,0.18,118,267,4,100,100,2004-12-31,122,22,,587,133,149,0
CTSH,2003,2003-12-31,200,543,0.11,70,169,2,57,57,2003-12-31,72,15,,368,84,98,0
CTSH,2002,2002-12-31,123,510,0.07,44,106,2,35,35,2002-12-31,45,11,,229,53,63,0
CTSH,2001,2001-12-31,91,489,0.05,34,87,3,22,22,2001-12-31,35,13,,178,45,53,-1
CTSH,2000,2000-12-31,70,486,0.04,26,67,3,18,18,2000-12-31,28,11,,137,36,41,-1
CTSH,1999,1999-12-31,46,466,0.02,17,43,1,11,11,1999-12-31,18,7,,89,23,26,0
CTSH,1998,1998-12-31,32,397,0.02,9,27,1,6,6,1998-12-31,10,4,,59,16,18,0
CTSH,1997,1997-12-31,14,317,0,2,10,0,1,2,1997-12-31,2,1,,25,7,9,0
CTSH,1996,1996-12-31,6,312,0,1,6,0,1,1,1996-12-31,1,0,,12,4,5,0
CTSH,1995,1995-12-31,4,312,0,1,4,0,0,1,1995-12-31,1,0,,7,2,2,0
CTSH,1994,1994-12-31,1,312,0,0,1,0,0,0,1994-12-31,0,0,,2,1,1,0
DXC,2020,2020-03-31,14901,258.57,-3.84383,-5072,4676,-156,-5369,-5358.7,2020-03-31,-5228,130.7,,19577,1732,9748,
DXC,2019,2019-03-31,14946,281.43,6.58858,1768,5807,-253,1257,1183,2019-03-31,1515,332,,20753,1558,4039,
DXC,2018,2018-03-31,16317,289.77,7.8828,1464,5416,-160,1751,1569,2018-03-31,1304,-265,,21733,1531,3952,
DXC,2017,2017-03-31,5545,140.39,0.30451,-184,2062,10,-123,-100,2017-03-31,-174,-74,,7607,1262,2246,
DXC,2016,2016-04-01,5204,141.33,0.96724,95,1902,-85,251,72,2016-04-01,10,-62,,7106,1040,1807,
DXC,2015,2015-04-03,6159,142.56,-0.39001,-565,1958,-106,2,-207,2015-04-03,-671,-464,,8117,1417,2523,
DXC,2014,2014-03-28,9272,151,6.05,1394,3726,-131,947,880,2014-03-28,1263,383,,12998,1220,2332,18
DXC,2013,2013-03-29,11851,156,-0.94,672,3142,-169,984,538,2013-03-29,503,-35,,14993,1195,2470,-42
DXC,2012,2012-03-30,13406,155,-5.92,-4177,2471,-170,-4242,-4226,2012-03-30,-4347,-121,,15877,1141,6648,-38
DXC,2011,2011-04-01,12925,157,4.51,1123,3117,-155,740,725,2011-04-01,968,243,,16042,965,1994,-44
DXC,2010,2010-04-02,12797,155,5.21,1284,3331,-246,817,834,2010-04-02,1038,204,,16128,991,2047,-27
DXC,2009,2009-04-03,13261,153,7.38,1235,3479,-286,1115,1115,2009-04-03,949,-166,,16740,1083,2244,-41
DXC,2008,2008-03-28,13152,170,3.68,1072,3348,-154,545,545,2008-03-28,918,373,,16500,975,2275,-37
DXC,2007,2007-03-30,11814,180,3.38,779,3041,-172,397,397,2007-03-30,606,209,,14855,918,2262,-50
DXC,2006,2006-03-31,11720,188,3.36,925,2896,-104,634,577,2006-03-31,821,244,,14616,842,1970,-41
DXC,2005,2005-04-01,11315,192,2.69,872,2744,-157,810,496,2005-04-01,715,219,,14059,808,1871,-16
DXC,2004,2004-04-02,12007,189,2.84,917,2761,-170,519,519,2004-04-02,747,228,,14768,850,1844,-9
DXC,2003,2003-03-28,9068,173,2.56,754,2278,-143,440,440,2003-03-28,612,171,,11347,717,1524,-9
DXC,2002,2002-03-29,9223,171,2.01,652,2203,-155,344,344,2002-03-29,497,153,,11426,706,1551,-12
DXC,2001,2001-03-30,8425,171,2.33,436,2099,-106,233,233,2001-03-30,330,97,,10524,797,1663,-16
DXC,2000,2000-03-31,7353,170,2.53,670,2018,-58,403,403,2000-03-31,611,209,,9371,779,1348,-18
DXC,1999,1999-04-02,5974,162,2.11,560,1686,-48,341,341,1999-04-02,511,170,,7660,696,1126,-15
DXC,1998,1998-04-03,5149,159,2.58,242,1452,-51,260,260,1998-04-03,191,-70,,6601,603,1210,-9
DXC,1997,1997-03-28,4413,156,1.43,344,1203,-40,192,192,1997-03-28,303,111,,5616,485,859,-8
DXC,1996,1996-03-29,3350,114,1.24,266,893,-35,142,142,1996-03-29,231,90,,4242,379,626,-5
DXC,1995,1995-03-31,2686,106,1.05,203,687,-29,111,111,1995-03-31,174,63,,3373,311,484,1
DXC,1994,1994-04-01,2065,137,0.67,160,518,-11,96,91,1994-04-01,149,58,,2583,227,358,
DXC,1993,1993-04-02,1978,131,0.6,144,502,-16,78,78,1993-04-02,128,50,,2480,239,358,
DXC,1992,1992-04-03,1718,99,0.71,125,395,-16,68,68,1992-04-03,109,41,,2113,185,271,0
DXC,1991,1991-03-29,1436,98,0.6,116,302,-14,65,65,1991-03-29,103,38,,1738,155,185,0
DXC,1990,1990-03-30,1231,97,0.63,103,270,,66,66,1990-03-30,103,38,,1500,21,166,119
DXC,1989,1989-03-31,1067,96,0.57,84,237,,52,52,1989-03-31,84,32,,1304,19,153,99
DXC,1988,1988-03-31,925,96,0.49,71,227,,44,44,1988-03-31,71,28,,1152,16,156,101
DXC,1987,1987-03-31,842,95,0.38,58,190,,32,32,1987-03-31,58,26,,1031,14,131,84
DXC,1986,1986-03-28,687,94,0.26,49,152,-7,24,24,1986-03-28,43,19,,839,12,102,70
DXC,1985,1985-03-29,593,90,0.23,48,130,-7,28,28,1985-03-29,41,13,,723,11,83,62
DXC,1984,1984-03-30,584,92,0.2,36,128,-5,18,18,1984-03-30,30,12,,712,13,92,60
DXC,1983,1983-04-01,568,91,0.2,37,127,-5,18,18,1983-04-01,33,15,,695,12,90,61
FB,2019,2019-12-31,12770,2876,7.72254,23986,57927,799,18485,18485,2019-12-31,24812,6327,13600,70697,15341,33941,27
FB,2018,2018-12-31,9355,2921,7.57001,24913,46483,439,22112,22112,2018-12-31,25361,3249,10273,55838,11297,21570,9
FB,2017,2017-12-31,5454,2956,6.15934,20203,35199,386,15934,18207,2017-12-31,20594,2387,7754,40653,7242,14996,5
FB,2016,2016-12-31,3789,2925,3.49299,12427,23849,90,10217,10217,2016-12-31,12518,2301,5919,27638,5503,11422,1
FB,2015,2015-12-31,2867,2853,1.29267,6225,15061,-37,3688,3688,2015-12-31,6194,2506,4816,17928,4020,8836,6
FB,2014,2014-12-31,2153,2664,1.1,4994,10313,-83,2940,2940,2014-12-31,4910,1970,2666,12466,2653,5319,-1
FB,2013,2013-12-31,1875,2517,0.6,2804,5997,-51,1500,1500,2013-12-31,2754,1254,1415,7872,1778,3193,1
FB,2012,2012-12-31,1364,2166,0.01,538,3725,-60,53,53,2012-12-31,494,441,1399,5089,1788,3187,16
FB,2011,2011-12-31,860,2138,0.31,1756,2851,-71,1000,1000,2011-12-31,1695,695,388,3711,707,1095,10
FB,2010,2010-12-31,493,2138,0.17,1032,1481,-23,606,606,2010-12-31,1008,402,144,1974,305,449,-1
FB,2009,2009-12-31,223,2138,0.06,262,554,-10,229,229,2009-12-31,254,25,87,777,205,292,2
FB,2008,2008-12-31,124,2138,-0.03,-55,148,,-56,-56,2008-12-31,-56,0,47,272,156,203,-1
FB,2007,2007-12-31,41,2138,-0.06,-124,112,,-138,-138,2007-12-31,-135,3,81,153,155,236,-11
GRPN,2019,2019-12-31,1032.786,28.37042,-0.65046,29.837,1186.129,-43.321,-22.377,-14.292,2019-12-31,-13.531,0.761,,2218.915,1090.273,1156.292,-0.047
GRPN,2018,2018-12-31,1316.145,28.32556,-0.1612,43.883,1320.601,-44.878,-11.079,1.988,2018-12-31,1.031,-0.957,,2636.746,1266.698,1276.7179999999998,2.026
GRPN,2017,2017-12-31,1510.016,28.42092,0.69351,26.491,1333.861,9.247,14.04,28.601,2017-12-31,36.145,7.544,,2843.877,1302.699,1307.37,0.407
GRPN,2016,2016-12-31,1732.962,28.81771,-5.37604,-100.238,1280.653,-69.172,-194.587,-166.209,2016-12-31,-171.527,-5.318,,3013.615,1346.202,1380.891,-2.117
GRPN,2015,2015-12-31,1667.006,32.50531,-2.32149,-70.671,1287.81,-25.57,20.668,-73.247,2015-12-31,-96.257,-23.01,,2954.816,1341.87,1358.481,-0.016
GRPN,2014,2014-12-31,1576.814,674.83239,-0.03778,28.665,1465.309,-31.425,-73.09,-18.473,2014-12-31,-2.749,15.724,,3042.123,1433.339,1436.644,0.011
GRPN,2013,2013-12-31,1072.1,663.9,-0.06,-10.2,1501.5,-8.7,-95.4,-88.9,2013-12-31,-18.9,70,,2573.7,1425.8,1511.7000000000003,0
GRPN,2012,2012-12-31,718.9,650.2,-0.05,48.1,1615.5,46.8,-54.8,-51,2012-12-31,94.9,146,,2334.5,1515.9,1567.4,
GRPN,2011,2011-12-31,258.9,362.3,-1.05,-228.5,1351.6,-25.6,-279.4,-297.8,2011-12-31,-254.1,43.7,,1610.4,1589.5,1580,
GRPN,2010,2010-12-31,42.9,342.7,-0.95,-420.3,270,0,-389.6,-413.4,2010-12-31,-420.1,-6.7,,312.9,487.2,690.4,0.3
GRPN,2009,2009-12-31,4.7,637.8,-0.01,-1.1,9.8,0,-1.3,-1.3,2009-12-31,-1.1,0.2,,14.5,10.9,10.899999999999999,0
GRPN,2008,2008-12-31,0.1,637.8,0,-1.6,-0.1,,-1.5,-1.5,2008-12-31,-1.5,0,,0,1.5,1.5,0.1
MANH,2019,2019-12-31,284.967,65.103,1.31733,115.924,332.982,1.715,85.762,85.762,2019-12-31,116.077,30.315,87.608,617.949,121.463,217.058,-1.562
MANH,2018,2018-12-31,240.881,66.434,1.57585,133.887,318.276,1.067,104.69,104.69,2018-12-31,136.231,31.541,71.896,559.157,103.88,184.38899999999998,1.277
MANH,2017,2017-12-31,245.733,69.424,1.77603,185.645,348.866,1.174,116.481,121.381,2017-12-31,184.833,63.452,57.704,594.599,93.536,163.221,-1.986
MANH,2016,2016-12-31,249.879,72.06,1.72404,194.307,354.678,1.161,124.234,124.234,2016-12-31,196.107,71.873,54.736,604.557,96.545,160.371,0.639
MANH,2015,2015-12-31,235.428,74.038,1.39759,161.446,320.943,1.331,103.475,103.475,2015-12-31,162.841,59.366,53.859,556.371,97.874,159.497,0.064
MANH,2014,2014-12-31,212.6,75.8,1.08,127.1,279.5,1.3,82,82,2014-12-31,128,46,49,492.1,97.1,152.4,-0.4
MANH,2013,2013-12-31,181.2,77.9,0.86,101.3,233.4,1.2,67.3,67.3,2013-12-31,103.1,35.8,44.5,414.5,81.7,132,0.7
MANH,2012,2012-12-31,161.7,81.1,0.64,80.1,214.5,1,51.9,51.9,2012-12-31,81,29.2,44.7,376.2,84.1,134.5,0
MANH,2011,2011-12-31,139.1,86,0.49,61.4,190.2,1.9,44.9,44.9,2011-12-31,63.2,18.3,42.4,329.3,81.7,128.79999999999998,0
MANH,2010,2010-12-31,128.8,89.8,0.31,41.9,168.3,0,28.1,28.1,2010-12-31,41.8,13.7,40.5,297.1,76.7,126.39999999999998,-0.1
MANH,2009,2009-12-31,107.5,90.2,0.2,21.1,139.2,-0.6,16.6,16.6,2009-12-31,20.4,3.8,36.7,246.7,66.1,118,-0.1
MANH,2008,2008-12-31,151.9,97.3,0.31,26,185.3,5.7,22.8,22.8,2008-12-31,31.5,8.7,48.4,337.2,88.3,159.29999999999998,-0.2
MANH,2007,2007-12-31,147.4,109.3,0.28,43.1,190,3.4,30.8,30.8,2007-12-31,47.7,16.9,46.6,337.4,86.8,146.9,1.2
MANH,2006,2006-12-31,123.7,111.9,0.2,30.8,165.1,3.4,19.3,19.3,2006-12-31,34.4,15.1,41.5,288.9,75,134.40000000000003,0.2
MANH,2005,2005-12-31,101.3,117.2,0.19,30.3,145.1,3.8,18.6,18.6,2005-12-31,33,14.3,34.1,246.4,62.3,114.8,-1.1
MANH,2004,2004-12-31,90,124.3,0.17,31.6,124.9,2.4,21.6,21.6,2004-12-31,34.9,13.2,28.8,214.9,53.7,93.30000000000001,0.9
MANH,2003,2003-12-31,78.8,123.5,0.18,30.5,118,1.5,20.6,20.6,2003-12-31,33.2,12.7,27,196.8,55.3,87.50000000000001,1.3
MANH,2002,2002-12-31,67.6,121.8,0.21,35.6,108.2,2,23.6,23.6,2002-12-31,38.4,14.8,20.8,175.7,48.5,72.5,0.9
MANH,2001,2001-12-31,66.9,123,0.16,23.7,89.5,2.1,16.2,16.2,2001-12-31,25.7,9.5,19.4,156.4,41.2,65.79999999999998,0
MANH,2000,2000-12-31,61.9,121.8,0.16,23.3,76.7,2.8,16.3,16.3,2000-12-31,26,9.7,16.1,138.6,33.2,53.4,-0.1
MANH,1999,1999-12-31,42.4,106.2,0.02,0.4,38.9,,1.1,1.1,1999-12-31,1.7,0.6,10.2,81.3,27.2,38.50000000000001,1.2
MANH,1998,1998-12-31,28,102.6,0.08,9.3,34.1,,6.1,6.1,1998-12-31,10.3,4.2,7.4,62.1,15.6,24.799999999999997,1.1
MANH,1997,1997-12-31,14.6,83,0.06,8.3,17.8,,5.3,5.3,1997-12-31,8.3,3,3,32.5,6.5,9.6,0.1
MANH,1996,1996-12-31,5.9,81.2,0.03,3.9,8.5,,2.5,2.5,1996-12-31,4,1.5,1.2,14.4,3.4,4.6,0.1
MANH,1995,1995-12-31,5.7,80,0.02,2.1,5.5,,1.4,1.4,1995-12-31,2.2,0.8,1.1,11.2,2.2,3.3999999999999995,0
MANH,1994,1994-12-31,3.8,80,0.01,1.5,2.8,,0.9,0.9,1994-12-31,1.5,0.6,0.3,6.5,0.9,1.2000000000000002,0
MANH,1993,1993-12-31,2,80,0,0.4,1.3,,0.3,0.3,1993-12-31,0.4,0.2,0.2,3.3,0.7,0.8999999999999999,0
MSFT,2020,2020-06-30,46078,7683,5.79817,52826,96937,250,44281,44281,2020-06-30,53036,8755,19269,143015,24709,44111,-40
MSFT,2019,2019-06-30,42910,7753,5.08454,42933,82933,812,39240,39397,2019-06-30,43688,4291,16876,125843,23098,40000,-57
MSFT,2018,2018-06-30,38353,7794,3.88889,35011,72007,1522,16571,30271,2018-06-30,36474,6203,14726,110360,22223,36996,-59
MSFT,2017,2017-06-30,34261,7832,3.6156,28970,62310,1182,25489,25489,2017-06-30,29901,4412,12292,96571,18648,33340,-251
MSFT,2016,2016-06-30,32780,8013,2.70637,25756,58374,78,20539,20539,2016-06-30,25639,5100,11988,91154,19198,32618,-195
MSFT,2015,2015-06-30,33038,8254,2.29091,17978,60542,796,12193,12193,2015-06-30,18507,6314,12046,93580,20324,42564,-267
MSFT,2014,2014-06-30,27078,8399,2.65,27653,59755,336,22074,22074,2014-06-30,27820,5746,11381,86833,20488,32102,-169
MSFT,2013,2013-06-30,20385,8470,2.6,26556,57464,302,21863,21863,2013-06-30,27052,5189,10411,77849,20289,30908,194
MSFT,2012,2012-06-30,17530,8506,2.55,21763,56193,205,16978,16978,2012-06-30,22267,5289,9811,73723,18426,34430,299
MSFT,2011,2011-06-30,15577,8593,2.69,27161,54366,861,23150,23150,2011-06-30,28071,4921,9043,69943,18162,27205,49
MSFT,2010,2010-06-30,12395,8927,2.12,24098,50089,832,18760,18760,2010-06-30,25013,6253,8714,62484,17218,25991,83
MSFT,2009,2009-06-30,12155,8996,1.58,21225,46282,-1348,14569,14569,2009-06-30,19821,5252,9010,58437,16579,25057,-56
MSFT,2008,2008-06-30,11598,9470,1.87,22271,48822,1686,17681,17681,2008-06-30,23814,6133,8164,60420,18387,26551,-143
MSFT,2007,2007-06-30,10693,9886,1.46,18438,40429,1667,14065,14065,2007-06-30,20101,6036,7121,51122,14359,21991,-4
MSFT,2006,2006-06-30,7650,10531,1.28,16472,36632,2198,12599,12599,2006-06-30,18262,5663,6584,44282,12256,20160,-408
MSFT,2005,2005-06-30,6031,10906,1.28,14561,33757,2219,12254,12254,2005-06-30,16628,4374,6097,39788,10789,19196,-152
MSFT,2004,2004-06-30,6596,10894,0.91,9034,30239,3244,8168,8168,2004-06-30,12196,4028,7735,36835,10841,21205,-82
MSFT,2003,2003-06-30,6059,10882,0.76,9545,26128,2659,7531,7531,2003-06-30,11054,3523,6595,32187,8982,16583,-1150
MSFT,2002,2002-06-30,5699,11106,0.52,8272,22666,3923,5355,5355,2002-06-30,7875,2520,6299,28365,7435,14394,-4320
MSFT,2001,2001-06-30,3455,11148,0.72,11720,21841,4609,7346,7721,2001-06-30,11525,3804,4379,25296,5742,10121,-4804
MSFT,2000,2000-06-30,3002,11072,0.87,11006,19954,3298,9421,9421,2000-06-30,14275,4854,3772,22956,5176,8948,-29
MSFT,1999,1999-06-30,2814,10964,0.71,10010,16933,1881,7785,7785,1999-06-30,11891,4106,2970,19747,3953,6923,
MSFT,1998,1998-06-30,2460,10724,0.44,6414,12802,703,4490,4490,1998-06-30,7117,2627,2601,15262,3261,6388,230
MSFT,1997,1997-06-30,2170,10488,0.33,4871,9766,443,3454,3454,1997-06-30,5314,1860,1863,11936,2773,4895,259
MSFT,1996,1996-06-30,2145,10246,0.21,3078,6905,320,2195,2195,1996-06-30,3379,1184,1326,9050,2501,3827,-19
MSFT,1995,1995-06-30,1346,10034,0.15,2038,4729,191,1453,1499,1995-06-30,2213,714,860,6075,1831,2691,-16
MSFT,1994,1994-06-30,1077,9754,0.12,1620,3637,102,1146,1146,1994-06-30,1722,576,610,4714,1301,2017,106
MSFT,1993,1993-06-30,785,9692,0.1,1319,3001,82,953,953,1993-06-30,1401,448,470,3786,1205,1682,7
MSFT,1992,1992-06-30,466,9415,0.08,985,2292,56,708,708,1992-06-30,1041,333,352,2759,944,1307,11
MSFT,1991,1991-06-30,363,9008,0.05,633,1481,37,463,463,1991-06-30,671,208,235,1843,596,847,16
MSFT,1990,1990-06-30,253,8598,0.03,380,931,31,279,279,1990-06-30,411,131,181,1183,357,551,14
MSFT,1989,1989-06-30,204,8099,0.02,232,599,19,171,171,1989-06-30,251,80,110,804,247,368,10
MSFT,1988,1988-06-30,148,8038,0.02,173,443,,124,124,1988-06-30,184,60,70,591,186,270,11
MSFT,1987,1987-06-30,74,7959,0.01,113,272,,72,72,1987-06-30,121,49,38,346,107,159,9
MSFT,1986,1986-06-30,41,7258,0.01,66,157,,39,39,1986-06-30,66,27,21,198,75,91,-5
MSFT,1985,1985-06-30,30,6699,0,43,110,,24,24,1985-06-30,43,19,17,140,52,68,-2
MSFT,1984,1984-06-30,23,6609,0,28,75,,16,16,1984-06-30,28,12,11,97,35,46,1
MSFT,1983,1983-06-30,16,6532,0,11,34,,6,6,1983-06-30,11,5,7,50,17,23,0
NTES,2019,2019-12-31,27685.845,3249.972,4.08465,13790.651,31555.3,1734.16,21237.516,13468.607,2019-12-31,16383.333,2914.726,8413.224,59241.145,9351.425,17764.648999999998,858.522
NTES,2018,2018-12-31,23832.426,3254.689,2.54743,9977.344,27346.149,196.589,6152.407,8616.099,2018-12-31,11076.749,2460.65,7378.46,51178.575,9990.345,17368.805,902.816
NTES,2017,2017-12-31,19394.314,3315.478,3.48137,12994.913,25043.041,572.781,10707.939,11683.591,2017-12-31,13839.579,2155.988,4161.673,44437.355,7886.455,12048.128,271.885
NTES,2016,2016-12-31,12834.252,3307.109,3.61253,12972.635,21160.146,898.088,11604.52,12135.372,2016-12-31,14237.65,2102.278,2920.182,33994.398,5267.329,8187.510999999999,366.927
NTES,2015,2015-12-31,8348.519,3305.213,2.1008,7469.133,13338.849,791.602,6735.108,7045.397,2015-12-31,8306.3,1260.903,2121.904,21687.368,3747.812,5869.716,45.565
NTES,2014,2014-12-31,3261.544,3277.049,1.4515,4765.125,8451.29,591.277,4756.623,4795.705,2014-12-31,5458.44,662.735,1323.498,11712.834,2362.667,3686.165,102.038
NTES,2013,2013-12-31,2479,3256,1.36,4353,6718,516,4444,4445,2013-12-31,4976,531,922,9196,1443,2365,107
NTES,2012,2012-12-31,2578,3288,1.11,3712,5623,467,3637,3587,2012-12-31,4278,692,718,8201,1193,1911,100
NTES,2011,2011-12-31,2372,3277,1,3323,4918,193,3234,3223,2011-12-31,3616,393,465,7291,1129,1595,99
NTES,2010,2010-12-31,1799,3262,0.69,2544,3709,52,2236,2232,2010-12-31,2576,344,318,5508,847,1164,-20
NTES,2009,2009-12-31,972,3249,0.57,2023,2785,138,1850,1837,2009-12-31,2151,314,244,3757,517,762,-11
NTES,2008,2008-12-31,579,3234,0.49,1915,2506,-21,1597,1597,2008-12-31,1897,301,222,3085,370,591,4
NTES,2007,2007-12-31,428,3308,0.38,1206,1785,62,1264,1264,2007-12-31,1267,3,196,2213,384,580,-1
NTES,2006,2006-12-31,381,3498,0.35,1280,1783,70,1218,1217,2006-12-31,1350,132,153,2164,350,503,
NTES,2005,2005-12-31,275,3565,0.25,977,1337,4,885,885,2005-12-31,980,95,90,1612,270,361,
NTES,2004,2004-12-31,184,3491,0.12,448,720,22,441,441,2004-12-31,470,29,34,904,254,272,
NTES,2003,2003-12-31,85,3354,0.1,327,457,17,323,323,2003-12-31,344,21,19,542,111,130,
NTES,2002,2002-12-31,72,3128,0.01,4,149,10,16,16,2002-12-31,14,-2,14,221,95,145,
NTES,2001,2001-12-31,60,3013,-0.07,-241,-34,8,-233,-233,2001-12-31,-233,0,11,26,184,207,0
NTES,2000,2000-12-31,40,2497,-0.07,-195,-9,25,-169,-169,2000-12-31,-169,0,10,30,176,185,0
NTES,1999,1999-12-31,12,1900,-0.03,-53,4,0,-52,-52,1999-12-31,-52,0,6,16,51,57,2
NTES,1998,1998-12-31,1,1869,0,0,2,0,0,0,1998-12-31,0,0,1,3,0,1,0
NTES,1997,1997-12-31,0,1869,0,0,0,0,0,0,1997-12-31,0,0,0,0,0,0,0
NXPI,2019,2019-12-31,4254,285.911,1.08443,630,4623,-328,243,271,2019-12-31,291,20,1620,8877,891,3993,-11
NXPI,2018,2018-12-31,4545,328.606,1.87606,2624,4862,-239,2208,2196,2018-12-31,2375,179,1676,9407,908,2238,-10
NXPI,2017,2017-12-31,4634,345.802,0.8765,2061,4622,-313,2215,1485,2017-12-31,1736,251,1564,9256,944,2561,-12
NXPI,2016,2016-12-31,5411,347.607,1.03723,-182,4087,-412,200,248,2016-12-31,-603,-851,1519,9498,1065,4269,-9
NXPI,2015,2015-12-31,3296,250.116,3.61412,2015,2805,-414,1526,1590,2015-12-31,1486,-104,799,6101,725,790,-115
NXPI,2014,2014-12-31,2991,248.6,2.25,1046,2656,-401,539,599,2014-12-31,639,40,754,5647,683,1610,-6
NXPI,2013,2013-12-31,2638,255.1,1.81,537,2177,-117,348,357,2013-12-31,377,20,640,4815,621,1640,-43
NXPI,2012,2012-12-31,2352,248.1,0.21,251,2006,-238,-115,-26,2012-12-31,-25,1,606,4358,632,1755,-38
NXPI,2011,2011-12-31,2224,248.8,1.22,325,1970,-225,390,79,2011-12-31,100,21,613,4194,613,1645,-14
NXPI,2010,2010-12-31,2546,229.3,-1.25,330,1856,-685,-456,-379,2010-12-31,-355,24,575,4402,665,1526,-8
NXPI,2009,2009-12-31,2557,215.3,-2.03,89,962,-338,-167,-259,2009-12-31,-249,10,703,3519,634,873,-1
NXPI,2008,2008-12-31,3958,180.2,-13.57,-2681,1146,-576,-3557,-3299,2008-12-31,-3257,42,1090,5104,1354,3827,-11
NXPI,2007,2007-12-31,4276,5,-227.69,-778,2045,-181,-650,-563,2007-12-31,-959,-396,1316,6321,951,2823,-20
ORCL,2020,2020-05-31,7938,3294,3.15486,13896,31130,-1817,10135,10135,2020-05-31,12063,1928,6067,39068,9275,17234,-16
ORCL,2019,2019-05-31,7995,3732,2.97924,13535,31511,-1253,11083,10694,2019-05-31,12268,1574,6026,39506,9774,17976,-14
ORCL,2018,2018-05-31,8060,4238,2.59454,13264,31323,-1031,3587,10457,2018-05-31,12424,1967,6084,39383,9715,18059,191
ORCL,2017,2017-05-31,7452,4217,2.35002,12913,30340,-1264,9452,9452,2017-05-31,11680,2228,6153,37792,9257,17427,31
ORCL,2016,2016-05-31,7479,4305,2.15795,12604,29568,-1155,8901,8901,2016-05-31,11442,2541,5787,37047,9039,16964,-7
ORCL,2015,2015-05-31,7532,4503,2.27885,13871,30694,-1064,9938,9938,2015-05-31,12834,2896,5524,38226,8732,16823,27
ORCL,2014,2014-05-31,7236,4604,2.42,14759,31039,-1124,10955,10955,2014-05-31,13704,2749,5151,38275,8605,16280,69
ORCL,2013,2013-05-31,7379,4844,2.21,14684,29801,-834,10925,10925,2013-05-31,13898,2973,4850,37180,8134,15117,48
ORCL,2012,2012-05-31,7858,5095,2.01,13706,29263,-759,9981,9981,2012-05-31,12962,2981,4523,37121,8253,15557,15
ORCL,2011,2011-05-31,8398,5128,1.75,12033,27224,-731,8547,8547,2011-05-31,11411,2864,4519,35622,7669,15191,109
ORCL,2010,2010-05-31,5764,5073,1.32,9062,21056,-875,6135,6135,2010-05-31,8243,2108,3254,26820,5991,11994,56
ORCL,2009,2009-05-31,4794,5130,1.12,8321,18458,-490,5593,5593,2009-05-31,7834,2241,2767,23252,5423,10137,3
ORCL,2008,2008-05-31,4981,5229,1.08,7844,17449,-77,5521,5521,2008-05-31,7834,2313,2741,22430,5487,9605,67
ORCL,2007,2007-05-31,4191,5269,0.83,5974,13805,-74,4274,4274,2007-05-31,5986,1712,2195,17996,4599,7831,86
ORCL,2006,2006-05-31,3235,5287,0.67,4736,11145,38,3381,3381,2006-05-31,4810,1429,1872,14380,3732,6409,36
ORCL,2005,2005-05-31,2651,5231,0.6,4022,9148,-4,2886,2886,2005-05-31,4051,1165,1491,11799,3061,5126,33
ORCL,2004,2004-05-31,2317,5326,0.51,3864,7839,76,2681,2681,2004-05-31,3945,1264,1254,10156,2631,3975,5
ORCL,2003,2003-05-31,2342,5418,0.43,3440,7133,-23,2307,2307,2003-05-31,3425,1118,1159,9475,2491,3693,8
ORCL,2002,2002-05-31,2406,5689,0.41,3571,7267,-98,2224,2224,2002-05-31,3408,1184,1076,9673,2620,3696,-65
ORCL,2001,2001-05-31,2897,5865,0.44,3777,8064,248,2561,2561,2001-05-31,3971,1410,1139,10961,3148,4287,-54
ORCL,2000,2000-05-31,3044,5996,1.05,3080,7187,7060,6297,6297,2000-05-31,10123,3826,1010,10231,3097,4107,-17
ORCL,1999,1999-05-31,3064,5937,0.23,1873,5763,122,1290,1290,1999-05-31,1982,692,841,8827,3049,3890,-12
ORCL,1998,1998-05-31,2274,5998,0.16,1244,4870,74,814,814,1998-05-31,1328,514,719,7144,2740,3626,10
ORCL,1997,1997-05-31,1550,6056,0.15,1263,4134,41,821,821,1997-05-31,1284,462,555,5684,2279,2871,-20
ORCL,1996,1996-05-31,1096,6036,0.11,905,3127,27,603,603,1996-05-31,920,316,389,4223,1782,2222,-12
ORCL,1995,1995-05-31,779,5989,0.07,650,2188,14,442,442,1995-05-31,659,217,261,2967,1278,1538,-5
ORCL,1994,1994-05-31,499,5989,0.05,420,1502,11,284,284,1994-05-31,423,140,197,2001,885,1082,-8
ORCL,1993,1993-05-31,347,5932,0.03,217,1156,5,98,142,1993-05-31,218,76,146,1503,769,939,-4
ORCL,1992,1992-05-31,282,5782,0.01,114,897,-12,62,62,1992-05-31,96,35,111,1178,673,783,-5
ORCL,1991,1991-05-31,266,5403,0,18,762,-31,-12,-12,1991-05-31,-13,-1,83,1028,652,744,
ORCL,1990,1990-05-31,160,5541,0.01,135,756,-17,81,81,1990-05-31,118,37,88,916,532,621,
ORCL,1989,1989-05-31,101,5470,0.01,110,470,-3,68,73,1989-05-31,107,34,53,571,307,360,
ORCL,1988,1988-05-31,51,5384,0.01,64,231,1,43,43,1988-05-31,65,22,26,282,141,167,
ORCL,1987,1987-05-31,19,5064,0,28,113,-1,16,16,1987-05-31,28,12,10,131,74,84,
ORCL,1986,1986-05-31,0,4444,0,11,55,0,6,6,1986-05-31,10,5,7,55,38,45,
ORCL,1985,1985-05-31,0,4137,0,3,23,0,2,2,1985-05-31,3,1,4,23,17,20,
ORCL,1984,1984-05-31,0,3998,0,3,13,0,1,1,1984-05-31,2,1,2,13,8,10,
SINA,2019,2019-12-31,493.428,69.64,1.07971,28.23,1669.527,214.863,-70.542,108.727,2019-12-31,255.192,146.465,372.818,2162.955,926.43,1641.297,12.099
SINA,2018,2018-12-31,452.04,72.375,2.84345,385.673,1656.287,162.866,125.562,426.326,2018-12-31,555.41,129.084,345.942,2108.327,820.146,1270.614,6.871
SINA,2017,2017-12-31,414.137,73.931,3.4883,265.606,1169.747,154.53,156.569,349.563,2017-12-31,424.239,74.676,267.392,1583.884,513.779,904.1410000000001,4.103
SINA,2016,2016-12-31,354.696,77.511,3.89816,28.843,676.24,274.377,225.087,277.308,2016-12-31,304.527,27.219,216.228,1030.936,346.542,647.3969999999999,1.307
SINA,2015,2015-12-31,335.38,60.648,0.53163,3.743,545.289,47.22,25.678,35.723,2015-12-31,46.143,10.42,209.771,880.669,323.296,541.546,-4.82
SINA,2014,2014-12-31,290.341,71.565,2.92757,-60.507,477.9,230.653,176.802,161.771,2014-12-31,168.741,6.97,192.322,768.241,311.966,538.407,-1.405
SINA,2013,2013-12-31,271.1,67.1,0.74,16.4,394,40.5,45.1,43.8,2013-12-31,58.4,14.6,146.3,665.1,225.1,377.6,1.5
SINA,2012,2012-12-31,247.9,66.8,0.73,-27,281.4,61.9,31.7,31.9,2012-12-31,34.6,2.7,108.2,529.3,181.7,308.5,-0.2
SINA,2011,2011-12-31,215.3,65.1,-1.14,-33.7,267.5,17.8,-302.1,-302.4,2011-12-31,-297.4,5,65.5,482.8,166,301.2,
SINA,2010,2010-12-31,168.4,61.2,1.05,96.2,234.2,21.4,-19.1,-19.3,2010-12-31,-10.9,8.4,34,402.6,100.6,137.99999999999997,
SINA,2009,2009-12-31,158.3,59.3,0.75,37.2,200.3,8.4,411.9,412.3,2009-12-31,420.6,8.3,33.8,358.6,125.2,163.09999999999997,
SINA,2008,2008-12-31,150.3,60.5,1.3,74.6,219.3,18.3,80.6,81.2,2008-12-31,95.2,14,30.4,369.6,113,144.7,
SINA,2007,2007-12-31,94.7,60,0.96,51,151.4,8.8,54.1,54.1,2007-12-31,60.6,6.5,21.9,246.1,77.3,100.39999999999999,
SINA,2006,2006-12-31,79.4,58.5,0.66,34.9,133.4,7,39.9,39.9,2006-12-31,44,4.1,19.6,212.9,77.1,98.5,
SINA,2005,2005-12-31,63.1,58.8,0.68,41.5,130.4,-0.1,43.1,43.1,2005-12-31,45.5,2.4,15.3,193.6,70.5,88.9,
SINA,2004,2004-12-31,61.6,58.2,1.13,69.3,138.4,-1.3,66,66,2004-12-31,69.2,3.2,10.4,200,55.2,69.1,
SINA,2003,2003-12-31,34.4,54.8,0.6,37,79.8,-4.6,31.4,31.4,2003-12-31,32.3,0.9,6.3,114.3,33.8,42.800000000000004,-0.2
SINA,2002,2002-12-31,8.5,48,0.02,0.2,14.7,0.7,0.9,0.9,2002-12-31,0.9,0,2.8,23.2,11.6,14.5,
SINA,2001,2002-06-30,13.6,44.3,-0.36,-19.7,14.9,3.7,-16.1,-16.1,2002-06-30,-16.1,0,6.7,28.5,22.9,34.699999999999996,
SINA,2000,2001-06-30,15.4,40.1,-0.91,-42.8,11.3,6.4,-36.4,-36.4,2001-06-30,-36.4,0,9.6,26.7,37.7,54.1,
SINA,1999,2000-06-30,11.5,14.8,-3.44,-54.4,2.7,3.3,-51,-51.1,2000-06-30,-51.1,0,7.4,14.2,42.9,57.099999999999994,
SINA,1998,1999-06-30,2.5,5.5,-1.72,-9.8,0.3,0.4,-9.3,-9.3,1999-06-30,-9.3,0,1.5,2.8,6.9,10.1,
SINA,1997,1998-06-30,0.7,5,-0.05,-0.2,1.8,0,-0.2,-0.2,1998-06-30,-0.2,0,0.5,2.5,1.6,2,
SINA,1996,1997-06-30,0.3,0.4,-4.42,-1.9,0.6,0,-1.9,-1.9,1997-06-30,-1.9,0,0.2,0.9,2.3,2.5,
WORK,2020,2020-01-31,97.191,555.36,-1.02827,-588.278,533.231,19.477,-571.058,-568.357,2020-01-31,-567.768,0.589,457.364,630.422,655.945,1121.509,1.033
WORK,2019,2019-01-31,51.301,504.51213,-0.27833,-154.208,349.251,16.133,-140.683,-138.902,2019-01-31,-138.062,0.84,157.538,400.552,342.321,503.459,0.013
WORK,2018,2018-01-31,26.364,504.51213,-0.3587,-143.851,194.18,4.332,-140.085,-140.063,2018-01-31,-139.27,0.793,141.35,220.544,196.081,338.031,0.249
WORK,2017,2017-01-31,15.517,504.51213,-0.2911,-148.503,89.636,1.805,-146.864,-146.909,2017-01-31,-146.754,0.155,96.678,105.153,141.448,238.139,-0.056
SOHU,2019,2019-12-31,982.095,39.249,-2.81864,0.38,863.352,43.473,-149.336,-9.393,2019-12-31,21.783,31.176,419.114,1845.447,436.613,862.972,-22.07
SOHU,2018,2018-12-31,982.486,38.959,-2.68506,-116.243,830.341,70.181,-160.082,-22.524,2018-12-31,-35.957,-13.433,441.161,1812.827,489.054,946.584,10.105
SOHU,2017,2017-12-31,950.268,38.858,-12.28889,-189.198,819.321,10.279,-554.526,-449.472,2017-12-31,-176.836,272.636,412.173,1769.589,509.464,1008.519,2.083
SOHU,2016,2016-12-31,859.8,38.706,-5.78776,-117.134,790.631,45.171,-224.021,-114.973,2016-12-31,-93.901,21.072,353.144,1650.431,554.621,907.7650000000001,-21.938
SOHU,2015,2015-12-31,859.064,38.598,-0.67289,82.469,1078.027,98.434,-49.598,108.855,2015-12-31,185.791,76.936,398.143,1937.091,557.091,995.5580000000001,4.888
SOHU,2014,2014-12-31,685.634,38.468,-3.44894,-204.963,987.443,37.315,-166.657,-171.219,2014-12-31,-165.169,6.05,409.285,1673.077,730.839,1192.406,2.479
SOHU,2013,2013-12-31,480.1,38.3,-0.4,183.5,920.2,30.3,-15.3,166.9,2013-12-31,217.4,50.4,276.1,1400.3,460.6,736.6999999999999,3.6
SOHU,2012,2012-12-31,369.7,38.4,1.95,223.3,697.5,29.6,72.9,177.2,2012-12-31,253.4,76.2,181.4,1067.2,290,474.2,0.4
SOHU,2011,2011-12-31,240.3,38.8,4.79,254.3,611.7,16.9,162.7,228.3,2011-12-31,274.9,46.6,112.6,852.1,217.3,357.49999999999994,3.7
SOHU,2010,2010-12-31,164.5,38.4,3.87,230.5,448.3,4.5,148.6,198.2,2010-12-31,234.2,36,75.6,612.8,142.1,217.7,-0.8
SOHU,2009,2009-12-31,125.8,39,3.78,204.4,389.4,5,147.8,176,2009-12-31,209.7,33.7,56.9,515.2,128.1,185,0.3
SOHU,2008,2008-12-31,107.9,39.1,4.06,163.8,321.2,4.3,158.6,158.6,2008-12-31,167.6,9,49.8,429.1,107.5,157.29999999999998,-0.5
SOHU,2007,2007-12-31,64.8,38.9,0.9,32.7,124.2,2.8,34.9,34.9,2007-12-31,36.4,1.5,25.4,188.9,64.9,91.39999999999999,0.9
SOHU,2006,2006-12-31,48.4,39.1,0.7,24.6,85.9,3.2,25.9,26.7,2006-12-31,28.3,1.6,17.7,134.2,41.6,61.199999999999996,0.5
SOHU,2005,2005-12-31,33.3,39.7,0.8,26.2,71.2,2.5,29.8,31.1,2005-12-31,31.1,0,12.8,104.5,30.3,45.10000000000001,2.4
SOHU,2004,2004-12-31,27.9,41,0.92,35,69.2,2.4,35.6,36.6,2004-12-31,36.6,0,8.8,97,24,34.2,-0.8
SOHU,2003,2003-12-31,25.2,40.4,0.66,32,55.2,2,26.4,26.4,2003-12-31,33,6.7,7.5,80.4,15.6,23.2,-1
SOHU,2002,2002-12-31,13.4,35.4,-0.03,-2.1,15.3,1.3,-1,-1,2002-12-31,-1,0,5.5,28.7,11.9,17.4,-0.2
SOHU,2001,2001-12-31,9.4,35.6,-0.37,-45.3,3.6,2.2,-43.6,-43.6,2001-12-31,-43.6,0,5.4,13,13.2,48.9,-0.5
SOHU,2000,2000-12-31,5.6,20.3,-0.98,-21.2,0.3,2.5,-19.2,-19.2,2000-12-31,-19.2,0,2.4,6,15.8,21.6,-0.5
SOHU,1999,1999-12-31,1.6,9.3,-0.47,-3.5,0,0,-3.4,-3.4,1999-12-31,-3.4,0,0.4,1.6,3.1,3.4999999999999996,0
SOHU,1998,1998-12-31,0.2,9.2,-0.09,-0.6,0.3,0,-0.6,-0.6,1998-12-31,-0.6,0,0.2,0.5,0.7,0.9000000000000001,
SOHU,1997,1997-12-31,0,9.1,-0.02,-0.2,0.1,0,-0.2,-0.2,1997-12-31,-0.2,0,0.1,0.1,0.2,0.2,
SOHU,1996,1996-12-31,0,9.1,0,0,0,0,0,0,1996-12-31,0,0,0,0,0,0,
NCTY,2019,2019-12-31,1.34227,10.6407,-13.95505,-172.17382,-1.00077,-24.53953,-190.62277,-193.32148,2019-12-31,-193.32148,0,13.09053,0.3415,115.98152,171.17305,3.39186
NCTY,2018,2018-12-31,16.43559,6.21148,-41.74894,-113.92782,0.99627,-122.66275,-258.0117,-234.99191,2018-12-31,-234.99191,0,24.55531,17.43186,91.90915,114.92408999999999,1.59866
NCTY,2017,2017-12-31,23.78205,1.11421,-149.14786,-122.4199,49.36651,-51.95411,-175.29208,-169.70443,2017-12-31,-169.70443,0,45.1124,73.14856,117.91465,171.78641,4.66959
NCTY,2016,2016-12-31,48.51878,0.7958,-583.8894,-543.2108,7.68051,-8.25326,-676.67178,-555.33705,2016-12-31,-561.41634,-6.07928,77.99141,56.19929,150.33449,550.89131,-9.95227
NCTY,2015,2015-12-31,67.744,0.77453,-500.91581,-326.50022,-21.33267,-12.7512,-384.63406,-341.16818,2015-12-31,-341.16818,0,135.04283,46.41133,171.90061,305.16755,-1.91676
NCTY,2014,2014-12-31,85.78257,7.72149,-37.22903,-160.83477,-21.50568,4.55691,-107.69921,-158.38333,2014-12-31,-158.38333,0,156.25304,64.27689,162.91535,139.32909,-2.10548
NCTY,2013,2013-12-31,107.8,7.7,-63.53,-530.2,-3,2.1,-484.6,-518.8,2013-12-31,-518.8,0,213.2,104.8,278.6,527.2,9.3
NCTY,2012,2012-12-31,69.4,8.2,-60.27,-592.4,85,21.8,-510.8,-566,2012-12-31,-566,0,301.5,154.4,357.4,677.4,4.6
NCTY,2011,2011-12-31,39.1,8.2,-34.88,-384,67.3,30.4,-284.3,-354.3,2011-12-31,-354.3,0,212.1,106.4,265.2,451.29999999999995,-0.7
NCTY,2010,2010-12-31,103.3,8.4,-33.3,-353.8,-0.4,23.2,-499.6,-318.7,2010-12-31,-311.3,7.4,139.4,102.8,176,353.3,19.3
NCTY,2009,2009-12-31,712.5,8.5,-39.13,-482.8,48,30.5,-405.2,-385,2009-12-31,-390.5,-5.5,114.4,760.5,337.6,530.9000000000001,61.8
NCTY,2008,2008-12-31,997.9,9.2,21.59,134.5,713.5,56.7,96.8,124.3,2008-12-31,172.3,47.9,73.8,1711.5,423,579.0000000000001,-19
NCTY,2007,2007-12-31,700,9.2,28.17,235.9,579.6,50.7,240.9,247.2,2007-12-31,256.5,9.3,41.4,1279.6,283.6,343.70000000000005,-30.1
NCTY,2006,2006-12-31,524,8.2,40.72,270.2,461.8,9.1,312.5,310.4,2006-12-31,307.7,-2.7,30.8,985.8,160,191.70000000000005,28.4
NCTY,2005,2005-12-31,240.4,8.3,9.46,59.7,224.6,10,72.5,84,2005-12-31,84.2,0.2,40.6,465,118.5,164.9,14.5
NCTY,2004,2004-12-31,9.1,4.8,2.62,-9.8,25.6,0.1,24.5,1,2004-12-31,6.1,5.1,9,34.7,26.3,35.4,15.8
NCTY,2003,2003-12-31,6.5,5.7,5.83,-6,9.9,-1.4,48.5,-1.4,2003-12-31,-7.3,-5.9,2.8,16.4,13.1,15.899999999999999,0.2
NCTY,2002,2002-12-31,3.7,3.3,-8.72,-19.7,-0.6,-0.9,-26.3,-21.1,2002-12-31,-20.8,0.3,9.7,3.1,9.3,19.1,-0.2
NCTY,2001,2001-12-31,3.4,3.3,-5.52,-15.4,1.8,-0.5,-16,-16,2001-12-31,-15.8,0.2,6.7,5.2,10.6,17.3,0.1
TWTR,2019,2019-12-31,1137.041,785.531,1.86714,364.773,2322.288,29.723,1465.659,1465.659,2019-12-31,390.139,-1075.52,682.281,3459.329,1273.634,1957.515,-4.357
TWTR,2018,2018-12-31,964.997,772.686,1.55921,450.325,2077.362,-21.385,1205.596,1205.596,2018-12-31,423.544,-782.052,553.858,3042.359,1070.179,1627.0370000000003,-5.396
TWTR,2017,2017-12-31,861.242,732.702,0.38473,-23.699,1582.057,-105.237,-108.063,244.837,2017-12-31,-95.418,-340.255,542.01,2443.299,1001.307,1605.756,33.518
TWTR,2016,2016-12-31,932.24,702.135,-0.55692,-367.208,1597.379,-99.968,-456.873,-456.873,2016-12-31,-440.834,16.039,713.482,2529.619,1251.105,1964.5870000000002,26.342
TWTR,2015,2015-12-31,729.256,662.424,-0.78655,-450.036,1488.776,-98.178,-521.031,-521.031,2015-12-31,-533.305,-12.274,806.648,2218.032,1132.164,1938.8120000000004,14.909
TWTR,2014,2014-12-31,446.3,605,-0.96,-538.9,956.7,-34,-577.8,-577.8,2014-12-31,-578.4,-0.5,691.5,1403,804,1495.6000000000001,-5.5
TWTR,2013,2013-12-31,266.7,189.5,-3.41,-635.8,398.2,-6.9,-645.3,-645.3,2013-12-31,-647.1,-1.8,594,664.9,440,1034,-4.5
TWTR,2012,2012-12-31,128.8,474.7,-0.17,-77.1,188.2,-2.5,-79.4,-79.4,2012-12-31,-79.2,0.2,119,316.9,146.2,265.2,0.4
TWTR,2011,2011-12-31,61.8,474.7,-0.35,-127.4,44.5,-0.8,-128.3,-128.3,2011-12-31,-129.7,-1.4,80.2,106.3,91.7,171.89999999999998,-1.5
TWTR,2010,2010-12-31,43.2,474.7,-0.14,-67.5,-14.9,0.1,-67.3,-67.3,2010-12-31,-67.5,-0.2,29.3,28.3,23.2,52.599999999999994,-0.1
UTSI,2019,2019-12-31,41.466,35.556,-0.11005,-6.137,24.157,-2.559,-3.913,-3.913,2019-12-31,-3.944,-0.031,14.467,65.623,15.827,30.294000000000004,4.752
UTSI,2018,2018-12-31,83.676,36.319,0.13933,3.997,32.268,1.089,4.82,4.82,2018-12-31,4.442,-0.378,12.745,115.944,15.156,28.271,-0.644
UTSI,2017,2017-12-31,65.146,36.176,-0.29358,4.826,33.146,1.061,6.981,-11.719,2017-12-31,8.244,19.963,9.853,98.292,16.777,28.319999999999993,2.357
UTSI,2016,2016-12-31,58.156,36.402,0.10325,-3.628,28.356,3.259,0.29,0.132,2016-12-31,0.92,0.788,8.502,86.512,18.146,31.984,1.289
UTSI,2015,2015-12-31,89.235,37.003,-0.44679,-21.336,27.868,-13.663,-27.158,-27.158,2015-12-31,-31.32,-4.162,11.342,117.103,21.515,49.20399999999999,3.679
UTSI,2014,2014-12-31,107.292,37.38,-0.741,-18.02,22.128,-8.963,-30.264,-30.264,2014-12-31,-28.646,1.618,11.686,129.42,24.515,40.147999999999996,-1.663
UTSI,2013,2013-12-31,124.2,39.1,-0.4,-22.6,40.2,-5.4,-22.7,-22.7,2013-12-31,-20.4,2.4,14.5,164.4,37.6,62.89999999999999,7.6
UTSI,2012,2012-12-31,118.6,48.5,-0.45,-32.6,68.2,-2.3,-34.4,-35.6,2012-12-31,-33.2,2.4,28.1,186.7,52.5,100.70000000000002,1.7
UTSI,2011,2011-12-31,206.2,51.6,0.23,20.8,114.3,-6.9,13.4,11.8,2011-12-31,14.7,2.9,30.1,320.6,63.9,93.60000000000002,0.8
UTSI,2010,2010-12-31,221.3,45.7,-1.28,-73.2,70.2,9.7,-65.1,-65.3,2010-12-31,-62.2,3.1,38,291.5,95.2,143.5,1.3
UTSI,2009,2009-12-31,321.4,42.4,-4.01,-224.2,65,8.2,-225.7,-225.7,2009-12-31,-214.8,10.9,63.2,386.3,140.7,289.1,1.2
UTSI,2008,2008-12-31,1379.2,41.2,-3.07,-180.5,261.2,35.5,-150.3,-150.8,2008-12-31,-143.7,7.1,143.3,1640.4,257.6,441.79999999999995,1.3
UTSI,2007,2007-12-31,2145.5,40.4,-4.36,-212,321.5,45.9,-195.6,-198.4,2007-12-31,-165.5,32.9,168.3,2467,319.1,533.5,0.7
UTSI,2006,2006-12-31,2073.1,40.2,-3.12,-138.2,385.7,3.1,-117.3,-118.9,2006-12-31,-133.9,-15,182.9,2458.9,334.5,523.9000000000001,1.1
UTSI,2005,2005-12-31,2435.3,39,-10.03,-425.3,435.8,-9.7,-532.6,-527.9,2005-12-31,-391.3,136.5,246.8,2871.1,371.5,861.0999999999999,43.7
UTSI,2004,2004-12-31,2009.9,44.9,1.35,16.9,569.5,-0.7,50.8,51.9,2004-12-31,31.6,-20.3,219.1,2579.4,303.9,552.5999999999999,15.4
UTSI,2003,2003-12-31,1325.3,41.6,5.37,252.4,615.9,-1.5,209.9,214.1,2003-12-31,256.2,42.1,155.7,1941.2,188.9,363.60000000000014,5.3
UTSI,2002,2002-12-31,636.3,38.1,2.85,146,345.5,4.3,107.9,113.1,2002-12-31,140.3,27.3,84.3,981.8,112.1,199.5,-9.9
UTSI,2001,2001-12-31,402.3,36.2,1.91,76.7,224.5,4.7,57,61.2,2001-12-31,81.1,19.8,57.1,626.8,78.4,147.8,-0.3
UTSI,2000,2000-12-31,240.5,34,0.97,33.8,128.2,8.9,27,30.6,2000-12-31,44.6,14,34.7,368.6,54.9,94.39999999999998,1.9
UTSI,1999,1999-12-31,112.7,2.9,-4.34,16.7,74.8,-1,11.5,13.9,1999-12-31,14.5,0.6,17.4,187.5,36.4,58.10000000000001,-1.2
UTSI,1998,1998-12-31,64.1,25.7,0.03,3,41,-0.1,-0.3,0.5,1998-12-31,1.9,1.4,14.7,105.2,23.2,38.10000000000001,-1
UTSI,1997,1997-12-31,48.8,2.4,-0.55,-3.4,26.8,2,0,-1.8,1997-12-31,-1.4,0.4,8.9,75.6,21.2,30.200000000000003,0
ZNGA,2019,2019-12-31,524.089,974.02,0.04995,-272.2,797.57,-2.932,41.925,41.925,2019-12-31,47.335,5.41,505.889,1321.659,556.281,1069.77,322.467
ZNGA,2018,2018-12-31,304.631,889.584,0.01804,6.762,602.577,6.294,15.457,15.457,2018-12-31,26.463,11.006,270.227,907.208,324.58,595.815,13.407
ZNGA,2017,2017-12-31,258.971,997.997,0.03439,25.724,602.419,5.287,26.639,31.639,2017-12-31,37.583,5.944,253.665,861.39,319.846,576.695,6.572
ZNGA,2016,2016-12-31,238.546,878.827,-0.1092,-114.249,502.874,3.057,-108.173,-108.173,2016-12-31,-104.731,3.442,320.3,741.42,276.146,617.123,6.461
ZNGA,2015,2015-12-31,235.985,913.511,-0.15859,-146.056,528.732,2.568,-121.51,-121.51,2015-12-31,-130.182,-8.672,361.931,764.717,312.857,674.788,13.306
ZNGA,2014,2014-12-31,213.6,874.5,-0.26,-244.7,476.8,3.3,-225.9,-225.9,2014-12-31,-233.2,-7.3,396.6,690.4,325,721.6,8.2
ZNGA,2013,2013-12-31,248.4,799.8,0,-65.6,624.9,4.1,-37,-37,2013-12-31,-64.9,-27.9,413,873.3,267.3,690.5,-3.4
ZNGA,2012,2012-12-31,352.2,741.2,-0.19,-183,929.1,4.7,-209.4,-209.4,2012-12-31,-159.6,49.9,645.6,1281.3,370.9,1112,18.6
ZNGA,2011,2011-12-31,330,699.4,-0.58,-405.6,810.1,1.7,-404.3,-404.3,2011-12-31,-406.1,-1.8,727,1140.1,488.7,1215.7,-2.2
ZNGA,2010,2010-12-31,176.1,699.4,0.16,125.5,421.4,1.2,90.6,90.6,2010-12-31,127.1,36.5,149.5,597.5,146.4,295.9,0.4
ZNGA,2009,2009-12-31,56.7,699.4,-0.08,-52.8,64.8,0.2,-52.8,-52.8,2009-12-31,-52.8,0,51,121.5,66.5,117.49999999999999,-0.2
ZNGA,2008,2008-12-31,10,699.4,-0.04,-22.6,9.4,0.3,-22.1,-22.1,2008-12-31,-22.1,0,12.2,19.4,19.8,32,0.2
ZNGA,2007,2007-12-31,0.2,699.4,0,-0.9,0.5,0,-0.8,-0.8,2007-12-31,-0.8,0,0.9,0.7,0.5,1.4000000000000001,0
