symbol,year,period,costOfGoodsSold,dilutedAverageSharesOutstanding,dilutedEPS,ebit,grossIncome,interestIncomeExpense,netIncome,netIncomeAfterTaxes,period,pretaxIncome,provisionforIncomeTaxes,researchDevelopment,revenue,sgaExpense,totalOperatingExpense,totalOtherIncomeExpenseNet
AEP,2019,2019-12-31,3165.2,495.30624,4.08386,2592.3,,-904.1,1921.1,1847.7,2019-12-31,1834.8,-12.9,,15286.5,,9803.900000000001,146.6
AEP,2018,2018-12-31,3427.1,493.75828,4.008,2682.7,,-840.3,1923.8,1847.3,2018-12-31,1973.5,126.2,,15927.1,,10085.9,131.1
AEP,2017,2017-12-31,2965.3,492.61107,3.64565,3525,,-772.9,1912.6,1819.8,2017-12-31,2816.2,996.4,,15195.4,,8934.599999999999,64.1
AEP,2016,2016-12-31,2821.4,491.66201,4.24574,1163.9,,-747.7,610.9,549.3,2016-12-31,475.6,-73.7,,16199.4,,12394.800000000001,59.4
AEP,2015,2015-12-31,2760.1,490.57457,3.59456,3333.5,,-734.1,2047.1,1703.3,2015-12-31,2622.9,919.6,,16328.6,,10359.6,23.5
AEP,2014,2014-12-31,2085.9,488.89984,3.24463,3127.4,,-757.7,1633.8,1500.3,2014-12-31,2402.9,902.6,,16333.7,,11165.300000000001,33.2
AEP,2013,2013-12-31,1491,487,3.35,2855,,-775,1480,1426,2013-12-31,2110,684,,14834,,11011,30
AEP,2012,2012-12-31,1169,485,3.07,2656,,-887,1259,1218,2012-12-31,1822,604,,14945,,11120,53
AEP,2011,2011-12-31,1191,482,4.09,2782,,-808,1946,1549,2011-12-31,2367,818,,15116,,11143,393
AEP,2010,2010-12-31,1000,480,2.85,2663,,-884,1214,1206,2010-12-31,1849,643,,14427,,10764,70
AEP,2009,2009-12-31,1053,459,2.97,2771,,-880,1360,1363,2009-12-31,1938,575,,13489,,9665,47
AEP,2008,2008-12-31,1281,404,2.93,2787,,-859,1380,1369,2008-12-31,2011,642,,14440,,10372,83
AEP,2007,2007-12-31,1138,400,2.79,2319,,-713,1089,1141,2007-12-31,1657,516,,13380,,9923,51
AEP,2006,2006-12-31,856,396,2.74,1966,,-603,1002,992,2006-12-31,1477,485,,12622,,9800,114
AEP,2005,2005-12-31,943,391,2.49,1927,,-529,814,1023,2005-12-31,1453,430,,12111,,9241,55
AEP,2004,2004-12-31,3496,396,2.34,2293,,-616,1089,1127,2004-12-31,1699,572,,14057,,8268,22
AEP,2003,2003-12-31,3557,385,2.36,1632,,-842,110,522,2003-12-31,880,358,,14545,,9356,90
AEP,2002,2002-12-31,2853,332,1.78,1263,,-831,-519,21,2002-12-31,235,214,,14536,,10420,-197
AEP,2001,2001-12-31,14004,322,3.18,2395,,-995,971,1003,2001-12-31,1572,569,,61257,,44858,172
AEP,2000,2000-12-31,,322,1.35,2026,,-1160,267,302,2000-12-31,899,597,,13694,,11668,33
AEP,1999,1999-12-31,,193,2.69,1305,,-540,520,520,1999-12-31,780,260,,6916,,5611,15
AEP,1998,1998-12-31,436,191,2.81,1273,,-419,547,547,1998-12-31,863,316,,6346,,4637,9
AEP,1997,1997-12-31,416,189,3.28,1326,,-406,529,638,1997-12-31,979,341,,6161,,4420,60
AEP,1996,1996-12-31,86,187,3.14,1350,,-381,629,629,1996-12-31,971,342,,5849,,4413,2
AEP,1995,1995-12-31,88,186,2.85,1237,,-400,585,585,1995-12-31,857,272,,5670,,4346,20
AEP,1994,1994-12-31,0,185,2.71,1146,,-389,555,555,1994-12-31,768,213,,5505,,4359,11
AEP,1993,1993-12-31,0,185,2.44,984,,-418,413,413,1993-12-31,612,200,,5269,,4285,47
AEP,1992,1992-12-31,0,185,2.54,1049,,-448,528,528,1992-12-31,694,166,,5045,,3996,93
AEP,1991,1991-12-31,100,185,2.7,1117,,-431,551,551,1991-12-31,750,199,,5047,,3830,65
AEP,1990,1990-12-31,162,187,2.65,1070,,-401,549,549,1990-12-31,755,206,,5167,,3935,86
AEP,1989,1989-12-31,123,194,3.25,1295,,-433,692,692,1989-12-31,985,293,,5140,,3723,123
AEP,1988,1988-12-31,58,194,3.24,1291,,-454,693,693,1988-12-31,964,271,,4841,,3492,127
AEP,1987,1987-12-31,114,194,2.6,1338,,-474,583,583,1987-12-31,922,340,,4788,,3336,58
AEP,1986,1986-12-31,155,194,2.62,1384,,-500,603,603,1986-12-31,1022,419,,4948,,3410,138
AEP,1985,1985-12-31,105,191,2.53,1394,,-562,518,585,1985-12-31,971,386,,4848,,3349,138
AEP,1984,1984-12-31,348,184,2.65,1319,,-504,590,590,1984-12-31,939,349,,4952,,3285,125
AEP,1983,1983-12-31,189,175,2.44,1221,,-493,534,534,1983-12-31,839,305,,4368,,2959,111
AWK,2019,2019-12-31,,181,3.58745,1166,,-382,621,621,2019-12-31,833,212,,3610,,2444,49
AWK,2018,2018-12-31,,180,3.38367,1098,,-350,567,577,2018-12-31,787,210,,3440,,2342,39
AWK,2017,2017-12-31,,179,3.04784,1246,,-342,426,551,2017-12-31,912,361,,3357,,2111,8
AWK,2016,2016-12-31,,179,2.58057,1085,,-325,468,468,2016-12-31,770,302,,3302,,2217,10
AWK,2015,2015-12-31,,180,2.6343,1075,,-308,476,476,2015-12-31,782,306,,3159,,2084,15
AWK,2014,2014-12-31,1349.864,179.806,2.38374,1002.576,,-282.54,423.108,429.841,2014-12-31,709.814,279.973,,3011.328,,658.8879999999999,-10.222
AWK,2013,2013-12-31,1312.7,179.1,2.2,905.3,,-289.1,369.3,369.3,2013-12-31,605.5,236.2,,2901.9,,683.8999999999999,-10.6
AWK,2012,2012-12-31,1350,177.7,2.1,925,,-287.6,358.1,374.3,2012-12-31,631.3,257,,2876.9,,601.9000000000001,-6.1
AWK,2011,2011-12-31,1301.8,176.5,1.72,803.1,,-293.6,309.6,304.9,2011-12-31,503.7,198.8,,2666.2,,561.3,-5.9
AWK,2010,2010-12-31,1389.2,175.1,1.53,748.1,,-299,267.8,267.8,2010-12-31,449.4,181.6,,2710.7,,573.3999999999999,0.3
AWK,2009,2009-12-31,1324.4,168.2,1.24,173.6,,-278.1,-233.1,-233.1,2009-12-31,-111.7,121.4,,2440.7,,942.6999999999998,-7.2
AWK,2008,2008-12-31,1303.8,160,-0.47,-186.9,,-262.7,-562.4,-562.4,2008-12-31,-450.6,111.8,,2336.9,,1220.0000000000002,-1
AWK,2007,2007-12-31,1246.5,160,-0.1,15.1,,-272.2,-342.8,-342.3,2007-12-31,-255.5,86.8,,2214.2,,952.5999999999999,1.5
AWK,2006,2006-12-31,1174.5,160,-0.07,252.5,,-357.6,-162.2,-155.9,2006-12-31,-108.9,46.9,,2093.1,,666.0999999999999,-3.9
AWK,2005,2005-12-31,1201.6,160,-0.18,111.6,,-337.3,-325,-275.1,2005-12-31,-224.2,51,,2136.7,,823.6000000000001,1.5
AWK,2004,2004-12-31,1122,160,0.58,430.4,,-308,-64.9,59.1,2004-12-31,125.4,66.3,,2017.9,,465.5,3
AWK,2003,2003-12-31,1089.1,160,0.23,439.2,,-280.5,42.1,42.1,2003-12-31,102.4,60.3,,1890.3,,362,-56.3
AWK,2002,2002-12-31,99.6,160,-0.25,-128.1,,-26.7,-158.4,-158.4,2002-12-31,-149.5,8.9,,198.8,,227.4,5.3
T,2019,2019-12-31,84141,7348,2.23066,27955,97052,-8215,13903,14975,2019-12-31,18468,3493,,181193,39490,69097,-1272
T,2018,2018-12-31,79419,6806,2.89205,26922,91337,-8185,19370,19235,2018-12-31,24873,5638,,170756,36678,64415,6136
T,2017,2017-12-31,77810,6183,1.97536,19970,82736,-6405,29450,9576,2017-12-31,15139,5563,,160546,35290,62766,1574
T,2016,2016-12-31,76884,6189,2.2528,24347,86902,-4694,12976,13333,2016-12-31,19812,6479,,163786,36310,62555,-25
T,2015,2015-12-31,67046,5646,2.37588,24785,79755,-4041,13345,13687,2015-12-31,20692,7005,,146801,32954,54970,-52
T,2014,2014-12-31,60611,5221,1.46,11746,71836,-3438,6224,6518,2014-12-31,9960,3442,,132447,39697,60090,1652
T,2013,2013-12-31,51464,5385,3.39,30479,77288,-3298,18249,18553,2013-12-31,27777,9224,,128752,28414,46809,596
T,2012,2012-12-31,55215,5821,1.38,12940,72219,-2557,7264,7539,2012-12-31,10439,2900,,127434,41079,59279,56
T,2011,2011-12-31,57374,5950,1.41,9218,69349,-2581,3944,4184,2011-12-31,6716,2532,,126723,38844,60131,79
T,2010,2010-12-31,52263,5938,3.33,19573,72017,-2232,19864,19400,2010-12-31,18238,-1162,,124280,33065,52444,897
T,2009,2009-12-31,50405,5924,2.19,21390,72613,-2533,12535,12843,2009-12-31,18999,6156,,123018,31407,51223,142
T,2008,2008-12-31,49895,5958,2.3,22596,74133,-2864,12867,12867,2008-12-31,19903,7036,,124028,31187,51537,50
T,2007,2007-12-31,46055,6170,1.94,20404,72873,-2815,11951,11951,2007-12-31,18204,6253,,118928,30892,52469,615
T,2006,2006-12-31,27349,3902,1.89,10288,35706,577,7356,7356,2006-12-31,10881,3525,,63055,15511,25418,16
T,2005,2005-12-31,19190,3379,1.42,6168,24672,-464,4786,4786,2005-12-31,5718,932,,43862,10861,18504,14
T,2004,2004-12-31,17383,3322,1.44,5901,23404,342,5887,4979,2004-12-31,7165,2186,,40787,9299,17503,4
T,2003,2003-12-31,16653,3329,1.44,6469,24190,615,8505,5971,2003-12-31,8901,2930,,40843,9851,17721,42
T,2002,2002-12-31,16362,3348,2.08,8623,26776,1100,5653,7473,2002-12-31,10457,2984,,43138,9575,18153,15
T,2001,2001-12-31,25943,3396,2.17,10888,19965,678,7242,7260,2001-12-31,11357,4097,,45908,,9077,-51
T,2000,2000-12-31,30985,3433,1.91,10743,20491,-416,7967,7967,2000-12-31,12888,4921,,51476,,9748,248
T,1999,1999-12-31,29338,3458,1.9,11598,20151,-518,8159,6573,1999-12-31,10853,4280,,49489,,8553,-227
T,1998,1998-12-31,16714,1984,2.05,6886,12063,-757,4023,4068,1998-12-31,6374,2306,,28777,,5177,245
T,1997,1997-12-31,9488,1845,0.8,3170,15368,-746,1474,1474,1997-12-31,2337,863,,24856,7276,12198,-87
T,1996,1996-12-31,4135,1214,1.73,3556,9763,-228,2101,2101,1996-12-31,3267,1166,,13898,3967,6207,-61
T,1995,1995-12-31,3806,1218,1.55,3037,8864,-359,-930,1889,1995-12-31,2792,903,,12670,3657,5827,114
T,1994,1994-12-31,3747,1203,1.37,2790,7872,-257,1649,1649,1994-12-31,2434,785,,11619,3044,5081,-99
T,1993,1993-12-31,3388,1200,1.2,2360,7453,-247,-845,1435,1993-12-31,2060,625,,10840,3085,5092,-54
T,1992,1992-12-31,3423,1200,1.08,2197,6592,,1302,1302,1992-12-31,1870,568,,10015,2552,4395,-328
T,1991,1991-12-31,3160,1200,0.96,2134,6172,,1076,1157,1991-12-31,1644,488,,9332,2273,4038,-489
T,1990,1990-12-31,3203,1202,0.92,2042,5910,,1101,1101,1990-12-31,1541,440,,9113,2177,3868,-501
T,1989,1989-12-31,2902,1202,0.91,2008,5828,,1093,1093,1989-12-31,1480,387,,8730,1929,3820,-528
T,1988,1988-12-31,2883,1202,0.88,1957,5570,,1060,1060,1988-12-31,1410,350,,8453,1768,3613,-547
T,1987,1987-12-31,2768,1202,0.87,2081,5235,,1047,1047,1987-12-31,1591,543,,8003,1477,3154,-490
T,1986,1986-12-31,2750,1196,0.86,2197,5153,,1023,1023,1986-12-31,1734,711,,7902,1529,2955,-463
T,1985,1985-12-31,3057,1195,0.83,2123,4869,,996,996,1985-12-31,1651,655,,7925,1443,2745,-472
T,1984,1984-12-31,2750,1172,0.75,1938,4442,,883,883,1984-12-31,1463,579,,7191,1362,2504,-475
D,2019,2019-12-31,88,808.9,3.62877,2523,,-1614,1358,1376,2019-12-31,1727,351,,15090,123,13961,818
D,2018,2018-12-31,122,654.9,3.83581,3601,,-1296,2447,2595,2018-12-31,3129,534,,12153,,9643,824
D,2017,2017-12-31,6,636,3.22496,3937,,-1191,2999,2269,2017-12-31,3090,821,,12122,,8643,344
D,2016,2016-12-31,99,617.1,3.41148,3448,,-899,2123,2212,2016-12-31,2867,655,,11357,,8190,318
D,2015,2015-12-31,330,593.7,3.19859,3536,,-904,1899,1923,2015-12-31,2828,905,,11275,,7817,196
D,2014,2014-12-31,361,585,2.24,2721,,-1193,1310,1326,2014-12-31,1778,452,,11927,,9354,250
D,2013,2013-12-31,1689,580,3.09,3316,,-877,1697,1812,2013-12-31,2704,892,,12492,,8115,265
D,2012,2012-12-31,1564,574,0.92,1156,,-882,302,351,2012-12-31,497,146,,12566,,10373,223
D,2011,2011-12-31,2218,575,2.98,2861,,-869,1408,1426,2011-12-31,2171,745,,13876,,9300,179
D,2010,2010-12-31,2503,590,1.65,5700,,-832,2808,2980,2010-12-31,5037,2057,,14763,,6994,169
D,2009,2009-12-31,2792,594,2.72,2629,,-894,1287,1304,2009-12-31,1916,612,,14695,,9710,181
D,2008,2008-12-31,3869,581,3.47,3626,,-853,1834,1836,2008-12-31,2715,879,,16095,,8795,-58
D,2007,2007-12-31,3457,655,0.78,5567,,-1175,2539,2711,2007-12-31,4494,1783,,15432,,6650,102
D,2006,2006-12-31,4440,703,2.22,3345,,-1030,1380,1569,2006-12-31,2489,920,,15925,,8697,174
D,2005,2005-12-31,5837,689,1.5,2439,,-991,1033,1034,2005-12-31,1616,582,,17640,,9765,168
D,2004,2004-12-31,4521,661,1.91,2717,,-939,1249,1264,2004-12-31,1964,700,,12371,,6734,186
D,2003,2003-12-31,3250,638,1.49,2561,,-975,318,949,2003-12-31,1546,597,,11225,,6267,-40
D,2002,2002-12-31,2009,565,2.4,2885,,-945,1362,1362,2002-12-31,2043,681,,9566,,5324,103
D,2001,2001-12-31,2721,505,1.2,1785,,-997,544,544,2001-12-31,914,370,,9665,,6052,126
D,2000,2000-12-31,2493,472,1.56,1529,,-1024,436,417,2000-12-31,600,183,,7898,,5238,95
D,1999,1999-12-31,809,383,1.41,1311,,-574,296,569,1999-12-31,828,259,,4274,0,3400,91
D,1998,1998-12-31,806,390,1.09,1091,,-648,536,563,1998-12-31,869,306,,5294,655,4189,93
D,1997,1997-12-31,718,370,1.18,1477,,-675,399,446,1997-12-31,679,233,,7049,1466,5483,-123
D,1996,1996-12-31,701,357,1.5,1104,,-430,472,472,1996-12-31,685,213,,4383,,3037,10
D,1995,1995-12-31,688,348,1.47,1026,,-426,425,425,1995-12-31,607,182,,4350,,2938,7
D,1994,1994-12-31,,341,1.4,1038,,-403,478,478,1994-12-31,649,171,,4171,0,3453,14
D,1993,1993-12-31,,331,1.56,1127,,-416,517,517,1993-12-31,727,210,,4434,0,3307,15
D,1992,1992-12-31,,322,1.33,1029,,-419,445,429,1992-12-31,633,204,,3791,0,2762,23
D,1991,1991-12-31,,313,1.47,1095,,-466,460,460,1991-12-31,671,211,,3786,0,2691,41
D,1990,1990-12-31,,305,1.46,1050,,-485,446,446,1990-12-31,642,196,,3533,0,2482,77
D,1989,1989-12-31,,298,1.38,1004,,-468,411,411,1989-12-31,577,166,,3662,0,2658,40
D,1988,1988-12-31,,291,1.51,901,,-412,438,438,1988-12-31,563,124,,3271,0,2370,73
D,1987,1987-12-31,,285,1.51,681,,,431,431,1987-12-31,681,251,,3251,176,2570,
D,1986,1986-12-31,,278,1.36,700,,,380,380,1986-12-31,700,321,,3072,185,2371,
D,1985,1985-12-31,,266,0.47,640,,,124,124,1985-12-31,366,242,,2712,144,2072,-274
D,1984,1984-12-31,,254,1.15,764,,,293,293,1984-12-31,499,205,,2605,,1840,-266
D,1983,1983-12-31,,244,1.04,470,,,253,253,1983-12-31,456,204,,2612,0,2142,-13
FE,2019,2019-12-31,2927,542,2.66693,1836,,-962,912,904,2019-12-31,1117,213,,10230,49,6272,243
FE,2018,2018-12-31,3109,494,1.57615,2358,,-1051,1348,1046,2018-12-31,1512,466,,10272,,5794,205
FE,2017,2017-12-31,2926,444,2.24021,2326,,-953,-1724,904,2017-12-31,1426,522,,9992,,5676,53
FE,2016,2016-12-31,3310,426,1.4674,1952,,-918,-6177,551,2016-12-31,1078,527,,9808,,5438,44
FE,2015,2015-12-31,4318,424,2.34936,1930,,-1015,578,578,2015-12-31,893,315,,10636,,8778,-22
FE,2014,2014-12-31,4716,421,1.81,1054,,-883,299,213,2014-12-31,171,-42,,9871,,9279,
FE,2013,2013-12-31,3963,419,2.04,1475,,-905,392,375,2013-12-31,570,195,,9479,,9479,
FE,2012,2012-12-31,4237,419,3.72,2176,,-852,770,771,2012-12-31,1324,553,,9637,,8890,
FE,2011,2011-12-31,4991,401,4.19,1714,,-840,885,869,2011-12-31,1443,574,,10396,,9553,
FE,2010,2010-12-31,4624,305,5.44,1805,,-563,784,760,2010-12-31,1242,482,,9815,0,6910,
FE,2009,2009-12-31,4730,306,3.29,1879,,-644,1006,990,2009-12-31,1235,245,,11139,-136,6358,
FE,2008,2008-12-31,4291,307,4.37,2762,,-643,1342,1342,2008-12-31,2119,777,,12061,-316,6574,
FE,2007,2007-12-31,,310,4.22,2815,,-623,1309,1309,2007-12-31,2192,883,,11305,-524,9987,
FE,2006,2006-12-31,,327,3.93,2606,,-553,1254,1258,2006-12-31,2053,795,,10007,-500,8895,
FE,2005,2005-12-31,,330,2.69,2066,,-439,861,873,2005-12-31,1627,754,,9704,-405,9923,
FE,2004,2004-12-31,,329,2.83,2211,,-667,878,874,2004-12-31,1545,671,,9065,-257,10242,
FE,2003,2003-12-31,587,305,1.3,1640,,-812,423,422,2003-12-31,828,406,,8978,,10080,
FE,2002,2002-12-31,592,294,2.31,2158,,-966,629,629,2002-12-31,1192,563,,9166,,9497,
FE,2001,2001-12-31,820,230,3.08,1685,,-556,646,655,2001-12-31,1129,474,,5729,,5494,
FE,2000,2000-12-31,554,223,2.69,1505,,-529,599,599,2000-12-31,976,377,,5422,,4970,
FE,1999,1999-12-31,1633,227,2.5,1535,,-572,568,568,1999-12-31,963,395,,5454,,3151,
FE,1998,1998-12-31,1479,226,1.95,1364,,-601,411,441,1998-12-31,763,322,,5224,,3018,
FE,1997,1997-12-31,,157,1.94,740,,-309,306,306,1997-12-31,490,184,,2821,,2082,58
FE,1996,1996-12-31,,144,2.1,719,,-252,315,315,1996-12-31,505,189,,2470,,1750,38
FE,1995,1995-12-31,,144,2.05,759,,-264,317,317,1995-12-31,509,192,,2466,,1707,14
FE,1994,1994-12-31,,143,1.97,739,,-270,304,304,1994-12-31,485,182,,2368,,1629,16
FE,1993,1993-12-31,,153,0.01,692,,-272,83,25,1993-12-31,191,167,,2370,,1678,-229
FE,1992,1992-12-31,,153,1.7,701,,-281,277,277,1992-12-31,437,160,,2332,,1632,18
FE,1991,1991-12-31,,153,1.6,717,,-304,265,265,1991-12-31,432,167,,2359,,1642,19
FE,1990,1990-12-31,,153,1.67,676,,-232,282,282,1990-12-31,447,166,,2241,,1565,3
FE,1989,1989-12-31,,153,2.18,685,,-204,361,361,1989-12-31,502,141,,2163,,1478,21
FE,1988,1988-12-31,,152,1.22,669,,-181,219,219,1988-12-31,391,172,,2143,,1473,-97
FE,1987,1987-12-31,,152,2.4,560,,-166,413,413,1987-12-31,575,162,,1780,,1220,182
FE,1986,1986-12-31,,146,2.47,569,,-298,411,411,1986-12-31,588,177,,1742,,1173,316
FE,1985,1985-12-31,,130,2.45,545,,-299,371,371,1985-12-31,535,164,,1755,,1210,289
FE,1984,1984-12-31,,116,2.5,493,,-267,339,339,1984-12-31,489,150,,1637,,1144,264
FE,1983,1983-12-31,,102,2.22,438,,-238,272,272,1983-12-31,408,135,,1516,,1078,208
GOGO,2019,2019-12-31,432.576,80.766,-1.36714,-21.238,403.15,-126.362,-146.004,-146.004,2019-12-31,-144.998,1.006,108.61,835.726,138.999,424.38800000000003,2.602
GOGO,2018,2018-12-31,513.886,80.038,-1.9148,-46.574,379.878,-118.517,-162.031,-166.031,2018-12-31,-165.324,0.707,120.09,893.764,153.092,426.452,-0.233
GOGO,2017,2017-12-31,326.888,79.407,-2.12821,-64.262,372.202,-108.98,-171.995,-168.995,2017-12-31,-173.992,-4.997,133.286,699.09,157.688,436.464,-0.75
GOGO,2016,2016-12-31,274.728,78.915,-1.45082,-42.043,321.822,-82.012,-124.505,-124.505,2016-12-31,-123.191,1.314,96.713,596.55,146.104,363.86499999999995,0.864
GOGO,2015,2015-12-31,228.361,79.701,-1.33185,-47.093,272.527,-58.708,-107.613,-107.613,2015-12-31,-106.375,1.238,87.437,500.888,142.896,319.62,-0.574
GOGO,2014,2014-12-31,209.46,85.147,-0.99285,-50.669,199.031,-32.677,-84.538,-84.538,2014-12-31,-83.355,1.183,65.12,408.491,120.129,249.70000000000002,-0.009
GTT,2019,2019-12-31,941.9,56.26517,-1.46627,123.3,785.9,-194.7,-105.9,-105.9,2019-12-31,-102.7,3.2,,1727.8,377.8,662.6,-31.3
GTT,2018,2018-12-31,819.4,50.71828,-3.62769,25.9,671.4,-146.9,-243.4,-243.4,2018-12-31,-248.9,-5.5,,1490.8,342.7,645.5000000000001,-127.9
GTT,2017,2017-12-31,432.1,41.91295,-1.00923,16.8,395.8,-71.2,-71.5,-54.2,2017-12-31,-54.2,0,,827.9,215.4,379,0.2
GTT,2016,2016-12-31,274.012,37.56892,0.25097,39.193,247.676,-29.428,5.26,5.26,2016-12-31,9.188,3.928,,521.688,143.193,208.483,-0.577
GTT,2015,2015-12-31,204.458,35.8014,0.83132,0.282,164.792,-13.942,19.304,19.304,2015-12-31,-14.827,-34.131,,369.25,101.712,164.51000000000002,-1.167
GTT,2014,2014-12-31,128.086,27.01138,-0.54922,-3.806,79.257,-8.454,-22.979,-22.979,2014-12-31,-20.896,2.083,,207.343,45.613,83.06299999999999,-8.636
MSEX,2019,2019-12-31,,16.829,2.01052,35.52,,-7.264,33.888,33.888,2019-12-31,30.748,-3.14,,134.598,,99.078,-0.654
MSEX,2018,2018-12-31,,16.54,1.95883,37.142,,-6.758,32.452,32.452,2018-12-31,33.376,0.924,,138.077,,100.935,1.63
MSEX,2017,2017-12-31,,16.486,1.34332,37.798,,-5.506,22.809,22.199,2017-12-31,33.909,11.71,,130.775,,92.977,0.915
MSEX,2016,2016-12-31,,16.426,1.38129,40.302,,-5.293,22.742,22.742,2016-12-31,34.477,11.735,,132.906,,92.604,-1.151
MSEX,2015,2015-12-31,,16.331,1.21756,35.84,,-5.554,20.028,20.028,2015-12-31,30.579,10.551,,126.025,,90.185,-0.087
MSEX,2014,2014-12-31,,16.226,1.12745,34.392,,-5.607,18.445,18.445,2014-12-31,28.382,9.937,,117.139,,82.747,-0.72
MSEX,2013,2013-12-31,,16.1,1.02,31,,-5.8,16.6,16.6,2013-12-31,25.3,8.6,,114.8,,83.9,-0.2
MSEX,2012,2012-12-31,,16,0.89,27.6,,-6.7,14.4,14.4,2012-12-31,21.8,7.4,,110.4,,82.7,0.4
MSEX,2011,2011-12-31,,15.9,0.84,24.2,,-6.4,13.4,13.4,2011-12-31,20,6.5,,102.1,,77.9,1.3
MSEX,2010,2010-12-31,,14.9,0.96,26.6,,-6.9,14.3,14.3,2010-12-31,21.1,6.8,,102.7,,76.1,0.5
MSEX,2009,2009-12-31,,13.7,0.72,20.2,,-6.8,10,10,2009-12-31,15.1,5.2,,91.2,,71.1,0.7
MSEX,2008,2008-12-31,,13.6,0.89,24,,-7.1,12.2,12.2,2008-12-31,18.3,6.1,,91,,67,0.6
MSEX,2007,2007-12-31,,13.5,0.87,22.7,,-6.6,11.8,11.8,2007-12-31,17.6,5.7,,86.1,,63.4,1
MSEX,2006,2006-12-31,,12.2,0.82,21.3,,-7,10,10,2006-12-31,15.1,5,,81.1,,59.7,0.1
MSEX,2005,2005-12-31,,11.8,0.71,17.2,,-6.2,8.5,8.5,2005-12-31,11.7,3.2,,74.6,,57.4,0.2
MSEX,2004,2004-12-31,,11.4,0.73,16.9,,-5.5,8.4,8.4,2004-12-31,12.3,3.8,,71,,54.1,0.2
MSEX,2003,2003-12-31,,10.8,0.61,14.7,,-5.2,6.6,6.6,2003-12-31,9.9,3.2,,64.1,,49.4,0
MSEX,2002,2002-12-31,,10.6,0.73,16.5,,-5.1,7.8,7.8,2002-12-31,11.8,4,,61.9,,45.5,0.2
MSEX,2001,2001-12-31,,10.5,0.66,15.3,,-5,7,7,2001-12-31,10.7,3.8,,59.6,,44.4,0.4
MSEX,2000,2000-12-31,,10.4,0.51,12.6,,-5,5.3,5.3,2000-12-31,7.9,2.6,,54.5,,41.9,0.2
MSEX,1999,1999-12-31,,10.3,0.76,13.9,,-4.7,7.9,7.9,1999-12-31,11.1,3.2,,53.5,,39.6,0.6
MSEX,1998,1998-12-31,,9.2,0.71,12.1,,-4.4,6.5,6.5,1998-12-31,9.5,3,,43.1,,30.9,0.7
MSEX,1997,1997-12-31,,8.8,0.66,11.9,,-3.3,5.9,5.9,1997-12-31,9,3.1,,40.3,,28.4,0.3
MSEX,1996,1996-12-31,,8.5,0.6,10.7,,-3.3,5.2,5.2,1996-12-31,7.7,2.5,,38,,27.3,0.2
MSEX,1995,1995-12-31,,8.3,0.66,11.6,,-3.1,5.6,5.6,1995-12-31,8.6,3,,37.8,,26.2,0.1
MSEX,1994,1994-12-31,,8.2,0.65,11.2,,-3,5.5,5.5,1994-12-31,8.3,2.8,,36.1,,24.9,0.1
MSEX,1993,1993-12-31,,8,0.65,11.3,,-3,5.5,5.5,1993-12-31,8.6,3.1,,35.5,,24.2,0.3
MSEX,1992,1992-12-31,,7.1,0.6,9.6,,-3.3,4.5,4.5,1992-12-31,6.8,2.4,,30.9,,21.3,0.5
MSEX,1991,1991-12-31,,7,0.57,9.4,,-3.2,4.1,4.1,1991-12-31,6.5,2.4,,29.9,,20.4,0.2
MSEX,1990,1990-12-31,,6.9,0.48,7.4,,-2.8,3.5,3.5,1990-12-31,4.9,1.4,,26.4,,19,0.3
MSEX,1989,1989-12-31,,6.2,0.46,6.7,,-3,3,3,1989-12-31,4.4,1.4,,23.5,,16.8,0.7
MSEX,1988,1988-12-31,,6.1,0.57,7.6,,-2.5,3.6,3.6,1988-12-31,5.4,1.8,,24,,16.4,0.3
MSEX,1987,1987-12-31,,6,0.5,7.1,,-2.1,3.2,3.2,1987-12-31,5.2,2,,22.4,,15.2,0.2
MSEX,1986,1986-12-31,,5.9,0.51,11.1,,-2.2,3.2,3.2,1986-12-31,9.1,5.9,,22,,10.9,0.2
MSEX,1985,1985-12-31,,5.9,0.51,10.6,,-2.2,3.2,3.2,1985-12-31,8.8,5.6,,20.3,,9.7,0.4
MSEX,1984,1984-12-31,,5.2,0.51,9.7,,-2.2,2.9,2.9,1984-12-31,7.6,4.8,,19.1,,9.4,0.1
MSEX,1983,1983-12-31,,5.1,0.5,8.8,,-2,2.8,2.8,1983-12-31,7.1,4.3,,17.7,,9,0.3
NFG,2019,2019-09-30,386.265,86.77326,3.50673,511.809,,-106.756,304.29,304.29,2019-09-30,389.511,85.221,,1693.332,,795.2579999999999,-15.542
NFG,2018,2018-09-30,337.822,86.4397,3.33205,519.723,,-114.522,391.521,288.021,2018-09-30,384.027,96.006,,1592.668,,735.1229999999999,-21.174
NFG,2017,2017-09-30,275.254,86.02139,3.29548,593.778,,-119.837,283.482,283.482,2017-09-30,444.164,160.682,,1579.881,,710.8489999999999,-29.777
NFG,2016,2016-09-30,147.982,84.84799,3.83558,-416.518,,-116.809,-290.958,-290.958,2016-09-30,-523.507,-232.549,,1452.024,,1720.952,9.82
NFG,2015,2015-09-30,349.984,84.38776,4.17881,-611.053,,-95.549,-379.427,-379.427,2015-09-30,-698.563,-319.136,,1757.35,,2021.982,8.039
NFG,2014,2014-09-30,605.8,85,3.52,569.7,,-90.1,299.4,299.4,2014-09-30,489,189.6,,2112.5,,937.6000000000001,9.5
NFG,2013,2013-09-30,460.4,84.3,3.08,517.8,,-89.8,260,260,2013-09-30,432.8,172.8,,1831.6,,851.3000000000001,4.7
NFG,2012,2012-09-30,415.6,83.7,2.63,448,,-82.6,220.1,220.1,2012-09-30,370.6,150.6,,1626.9,,763.1999999999999,5.1
NFG,2011,2011-09-30,628.7,83.7,2.72,441.2,,-76,258.4,258.4,2011-09-30,422.8,164.4,,1778.8,,709,6.7
NFG,2010,2010-09-30,658.4,82.7,2.65,440.5,,-87.7,225.9,219.1,2010-09-30,356.4,137.2,,1760.5,,661.6999999999999,3.6
NFG,2009,2009-09-30,1001.8,80.6,2.77,223,,-77.8,100.7,100.7,2009-09-30,151.8,51.1,,2057.9,,833,6.6
NFG,2008,2008-09-30,1235.2,84.5,3.18,486.1,,-56.9,268.7,268.7,2008-09-30,436.7,167.9,,2400.4,,679,7.4
NFG,2007,2007-09-30,1018.1,85.3,2.36,396.5,,-67.9,337.5,201.7,2007-09-30,333.5,131.8,,2039.6,,624.9999999999999,4.9
NFG,2006,2006-09-30,1267.6,86,2.39,276.1,,-64.7,138.1,138.1,2006-09-30,214.2,76.1,,2311.7,,768,2.8
NFG,2005,2005-09-30,959.8,85,1.84,306.2,,-72.5,189.5,153.5,2005-09-30,246.5,93,,1923.5,,657.5,12.7
NFG,2004,2004-09-30,949.5,82.9,1.98,341,,-89.8,166.6,168.5,2004-09-30,261.3,92.7,,2031.4,,740.9000000000001,6.7
NFG,2003,2003-09-30,963.6,81.4,1.81,304.1,,-104.5,178.9,188.6,2003-09-30,316.8,128.2,,2035.5,,767.8000000000001,6.9
NFG,2002,2002-09-30,462.9,80.5,1.58,288.9,,-105.4,117.7,118.4,2002-09-30,190.4,72,,1464.5,,712.6999999999999,7
NFG,2001,2001-09-30,1045.8,80.4,2.26,195.8,,-107.1,65.5,66.8,2001-09-30,103.9,37.1,,2100.4,,858.7,15.3
NFG,2000,2000-09-30,503.6,79.2,1.61,295.3,,-100.1,127.2,128.6,2000-09-30,205.7,77.1,,1425.3,,626.3000000000001,10.4
NFG,1999,1999-09-30,405.9,78.1,1.47,256.8,,-87.7,115,116.7,1999-09-30,181.5,64.8,,1263.3,,600.5,12.3
NFG,1998,1998-09-30,441.7,77.4,1.4,108,,-85.3,23.2,34.5,1998-09-30,58.5,24,,1248,,698.3,35.9
NFG,1997,1997-09-30,528.6,76.9,1.49,237,,-56.8,114.7,114.7,1997-09-30,183.4,68.7,,1265.8,,500.19999999999993,3.2
NFG,1996,1996-09-30,477.4,75.7,1.38,223.8,,-56.6,104.7,104.7,1996-09-30,171,66.3,,1208,,506.9,3.9
NFG,1995,1995-09-30,351.1,74.8,1.01,168.3,,-53.9,75.9,75.9,1995-09-30,119.8,43.9,,975.5,,456.1,5.4
NFG,1994,1994-09-30,497.7,74.1,1.11,173.7,,-47.1,85.7,82.4,1994-09-30,130.2,47.8,,1141.3,,469.90000000000003,3.7
NFG,1993,1993-09-30,409,69.9,1.08,163.3,,-51.9,75.2,75.2,1993-09-30,116.3,41,,1020.4,,448.1,4.8
NFG,1992,1992-09-30,363.7,62.3,0.97,148.8,,-59,60.3,60.3,1992-09-30,95.5,35.2,,920.5,,408.00000000000006,5.8
NFG,1991,1991-09-30,349.3,60,0.82,121.7,,-61.3,49,49,1991-09-30,72.3,23.3,,865.1,,394.09999999999997,11.8
NFG,1990,1990-09-30,399.3,56.8,0.92,129.8,,-57.8,52,52,1990-09-30,79.5,27.5,,892,,362.90000000000003,7.5
NFG,1989,1989-09-30,403,54.4,0.96,123.8,,-51.6,52.4,52.4,1989-09-30,78.3,25.8,,855.8,,329,6.1
NFG,1988,1988-09-30,355.5,51.8,0.82,97.8,,-41.3,42.6,42.6,1988-09-30,61.4,18.7,,768.9,,315.6,4.9
NFG,1987,1987-09-30,346.6,48.3,0.74,94.2,,-39.4,42.5,35.9,1987-09-30,60.7,24.8,,737.2,,296.29999999999995,5.9
NFG,1986,1986-09-30,511,47.6,0.88,104.5,,-32.3,43.4,43.4,1986-09-30,76.2,32.7,,905.8,,290.29999999999995,4
NFG,1985,1985-09-30,581.3,47.1,0.95,109.4,,-32.4,46.9,46.9,1985-09-30,82,35,,970.6,,279.9000000000001,4.9
NFG,1984,1984-09-30,709.6,46.4,1.03,115.8,,-36.4,49.9,49.9,1984-09-30,90.4,40.5,,1104.2,,278.79999999999995,11
NFG,1983,1983-09-30,668.5,45.8,0.61,73.9,,-35.8,30.2,30.2,1983-09-30,47.6,17.5,,1011.3,,268.9,9.5
PCG,2019,2019-12-31,3829,528,0.00313,-10440,,-852,-7642,-7642,2019-12-31,-11042,-3400,,17129,,23740,250
PCG,2018,2018-12-31,4499,517,1.52253,-9700,,-853,-6837,-6850,2018-12-31,-10129,-3279,,16759,,21960,424
PCG,2017,2017-12-31,5055,513,3.49513,2905,,-857,1660,1807,2017-12-31,2171,364,,17135,,9175,123
PCG,2016,2016-12-31,5380,501,3.02055,2080,,-806,1407,1407,2016-12-31,1462,55,,17666,,10206,188
PCG,2015,2015-12-31,5762,487,1.79466,1508,,-764,888,888,2015-12-31,861,-27,,16833,,9563,117
PCG,2014,2014-12-31,6569,470,3.05532,2450,,-725,1450,1450,2014-12-31,1795,345,,17090,,8071,70
PCG,2013,2013-12-31,5984,445,1.83,1762,,-706,828,828,2013-12-31,1096,268,,15598,,7852,40
PCG,2012,2012-12-31,5023,425,1.8,1693,,-696,830,830,2012-12-31,1067,237,,15040,,8324,70
PCG,2011,2011-12-31,5333,402,1.98,1942,,-693,858,858,2011-12-31,1298,440,,14956,,7681,49
PCG,2010,2010-12-31,5189,392,2.82,2308,,-675,1113,1113,2010-12-31,1660,547,,13841,,6344,27
PCG,2009,2009-12-31,5002,386,3.22,2299,,-672,1234,1234,2009-12-31,1694,460,,13399,,6098,67
PCG,2008,2008-12-31,6515,358,3.27,2261,,-634,1338,1184,2008-12-31,1609,425,,14628,,5852,-18
PCG,2007,2007-12-31,5472,353,2.74,2114,,-598,1006,1006,2007-12-31,1545,539,,13237,,5651,29
PCG,2006,2006-12-31,5019,368,2.72,2108,,-550,991,991,2006-12-31,1545,554,,12539,,5412,-13
PCG,2005,2005-12-31,4601,397,2.28,1970,,-503,917,904,2005-12-31,1448,544,,11703,,5132,-19
PCG,2004,2004-12-31,4494,426,1.99,7118,,-734,4504,3820,2004-12-31,6286,2466,,11080,,-532,-98
PCG,2003,2003-12-31,3747,413,2.16,2343,,-1085,420,791,2003-12-31,1249,458,,10435,,4345,-9
PCG,2002,2002-12-31,3759,371,4.97,1132,,-1322,-874,-57,2002-12-31,-100,-43,,12495,,7604,90
PCG,2001,2001-12-31,15945,364,3.17,2736,,-1000,1099,1090,2001-12-31,1698,608,,22959,,4278,-38
PCG,2000,2000-12-31,30325,362,-9.18,-4807,,-522,-3364,-3324,2000-12-31,-5352,-2028,,26232,,714,-23
PCG,1999,1999-12-31,13736,368,2.29,878,,-654,-73,13,1999-12-31,261,248,,20820,,6206,37
PCG,1998,1998-12-31,13223,383,1.88,2007,,-782,719,719,1998-12-31,1289,570,,19942,,4712,64
PCG,1997,1997-12-31,8485,410,1.75,1728,,-665,716,716,1997-12-31,1264,548,,15400,0,5187,201
PCG,1996,1996-12-31,3065,413,1.75,1896,,-567,755,755,1996-12-31,1310,555,,9610,1016,4649,-18
PCG,1995,1995-12-31,2450,424,2.99,2763,,-616,1339,1339,1995-12-31,2234,895,,9622,972,4409,87
PCG,1994,1994-12-31,3154,430,2.21,2424,,-650,1007,1007,1994-12-31,1844,837,,10350,973,4772,70
PCG,1993,1993-12-31,3342,431,2.33,1763,,-850,1065,1065,1993-12-31,1967,902,,10582,1041,5477,1054
PCG,1992,1992-12-31,3324,423,2.58,3843,,-786,1171,1171,1992-12-31,2077,907,,10296,927,3129,-979
PCG,1991,1991-12-31,3278,418,2.24,3706,,-781,1026,1026,1991-12-31,1889,863,,9778,876,2794,-1035
PCG,1990,1990-12-31,3402,424,2.1,3506,,-804,987,987,1990-12-31,1844,856,,9470,794,2562,-859
PCG,1989,1989-12-31,2938,421,1.9,3260,,-835,901,901,1989-12-31,1625,725,,8588,699,2390,-800
PCG,1988,1988-12-31,2698,402,-0.1,2725,,-802,62,62,1988-12-31,570,508,,7646,642,2223,-1353
PCG,1987,1987-12-31,2283,378,1.29,2710,,-776,689,597,1987-12-31,1200,603,,7186,708,2193,-733
PCG,1986,1986-12-31,2353,356,2.6,3484,,-724,1081,1081,1986-12-31,2009,928,,7817,636,1980,-750
PCG,1985,1985-12-31,3822,327,2.65,2803,,-672,1031,1031,1985-12-31,1683,653,,8431,592,1806,-448
PCG,1984,1984-12-31,3922,309,2.62,2333,,-565,975,975,1984-12-31,1613,638,,7830,510,1575,-155
PCG,1983,1983-12-31,3292,292,2.15,1955,,-497,788,788,1983-12-31,1343,555,,6647,439,1400,-115
SRE,2019,2019-12-31,344,282.033,5.94127,2709,,-1090,2198,1419,2019-12-31,1734,315,,,,7764,52
SRE,2018,2018-12-31,357,269.852,4.19434,1147,,-488,1050,763,2018-12-31,714,-49,,,,8572,55
SRE,2017,2017-12-31,291,252.3,4.83309,1558,,-481,257,929,2017-12-31,1248,319,,,,7775,171
SRE,2016,2016-12-31,322,251.155,5.51437,1564,,164,1371,1441,2016-12-31,1830,389,,,,8315,102
SRE,2015,2015-12-31,148,250.923,5.07013,1768,,-256,1350,1363,2015-12-31,1704,341,,,,8273,122
SRE,2014,2014-12-31,163,250.655,4.45243,1807,,-408,1162,1224,2014-12-31,1524,300,,,,9048,125
SRE,2013,2013-12-31,178,249,4.27,1852,,-443,1009,1064,2013-12-31,1430,366,,,,8527,21
SRE,2012,2012-12-31,159,247,4.58,1559,,-737,865,884,2012-12-31,943,59,,,,7929,25
SRE,2011,2011-12-31,137,242,5.74,1744,,-145,1365,1355,2011-12-31,1721,366,,,,8155,23
SRE,2010,2010-12-31,91,248,4.92,1685,,-712,1076,1011,2010-12-31,1113,102,,9003,,7227,140
SRE,2009,2009-12-31,80,247,4.91,1174,,153,1129,1054,2009-12-31,1476,422,,8106,,6852,149
SRE,2008,2008-12-31,182,251,4.11,1340,,202,1113,1050,2008-12-31,1488,438,,10758,,9236,-54
SRE,2007,2007-12-31,988,264,4.44,1679,,-219,1099,1026,2007-12-31,1550,524,,11438,,8771,68
SRE,2006,2006-12-31,1468,261,4.34,1785,,86,1406,1273,2006-12-31,1914,641,,11761,,8508,27
SRE,2005,2005-12-31,2715,252,5.67,1111,,-246,920,874,2005-12-31,916,42,,11737,,7911,51
SRE,2004,2004-12-31,1741,234,3.93,1272,,-263,895,920,2004-12-31,1113,193,,9410,,6397,104
SRE,2003,2003-12-31,1204,214,3.24,939,,-223,649,695,2003-12-31,742,47,,7887,,5744,26
SRE,2002,2002-12-31,709,206,2.79,987,,-323,591,575,2002-12-31,721,146,,6020,,4324,57
SRE,2001,2001-12-31,2985,205,2.52,993,,-352,518,518,2001-12-31,731,213,,8029,,4051,90
SRE,2000,2000-12-31,2464,208,2.06,1011,,-312,429,429,2000-12-31,699,270,,7037,,3668,
SRE,1999,1999-12-31,1862,238,1.66,813,,-240,394,394,1999-12-31,573,179,,5360,,2760,
SRE,1998,1998-12-31,1872,237,1.24,651,,-219,294,294,1998-12-31,432,138,,5481,,3002,
SRE,1997,1997-12-31,1615,237,1.82,957,,-224,432,432,1997-12-31,733,301,,5069,,2555,
SRE,1996,1996-12-31,1405,241,1.77,949,,-222,427,427,1996-12-31,727,300,,4496,,2170,
SRE,1995,1995-12-31,1393,240,1.67,916,,-251,401,401,1995-12-31,665,264,,4046,,1892,0
SRE,1994,1994-12-31,1426,240,1.5,897,,-251,371,371,1994-12-31,646,275,,4458,,2191,0
SRE,1993,1993-12-31,1476,237,1.62,934,,-254,400,400,1993-12-31,680,280,,4680,,2353,0
SRE,1992,1992-12-31,1215,226,1.42,1429,,-832,-339,347,1992-12-31,618,271,,4684,,2136,21
SRE,1991,1991-12-31,1206,220,1.59,1379,,-760,111,376,1991-12-31,618,242,,4703,,2256,-1
SRE,1990,1990-12-31,1187,217,1.48,1311,,-700,148,349,1990-12-31,614,265,,5087,,2659,3
SRE,1989,1989-12-31,4115,209,1.76,1422,,-750,393,393,1989-12-31,676,283,,8387,,2929,4
SRE,1988,1988-12-31,3376,204,1.92,1418,,-742,411,411,1988-12-31,706,295,,7517,,2805,30
SRE,1987,1987-12-31,2779,201,1.91,1672,,-973,430,404,1987-12-31,726,322,,6956,,2807,27
SRE,1986,1986-12-31,2588,199,1,1367,,-897,251,227,1986-12-31,475,248,,7028,,3027,5
SRE,1985,1985-12-31,2526,194,1.73,1470,,-745,390,366,1985-12-31,774,408,,8268,,4251,49
SRE,1984,1984-12-31,2252,186,1.72,1338,,-734,350,350,1984-12-31,663,313,,7767,,4154,59
SRE,1983,1983-12-31,971,150,2.12,1057,,-553,351,351,1983-12-31,609,258,,6167,,4118,105
SJW,2019,2019-12-31,51.36,28.56255,1.23047,57.479,,-24.331,23.403,23.704,2019-12-31,32.081,8.377,,420.482,63.432,311.643,-1.047
SJW,2018,2018-12-31,52.95,21.33239,2.50952,73.44,,-24.755,38.767,38.767,2018-12-31,48.832,10.065,,397.699,46.627,271.309,0.138
SJW,2017,2017-12-31,55.112,20.68512,2.38035,101.851,,-16.026,59.204,58.743,2017-12-31,96.493,37.75,,389.225,46.731,232.26200000000003,-1.831
SJW,2016,2016-12-31,38.19,20.58897,2.56637,97.437,,-8.222,52.839,52.839,2016-12-31,86.381,33.542,,339.706,39.859,204.079,-2.834
SJW,2015,2015-12-31,37.361,20.51564,1.84649,79.96,,-20.126,37.882,37.882,2015-12-31,61.154,23.272,,298.094,45.541,187.76100000000002,1.32
SJW,2014,2014-12-31,63.543,20.41673,2.53743,92.878,,-18.028,51.806,51.806,2014-12-31,76.777,24.971,,312.649,38.987,163.24699999999999,1.927
SJW,2013,2013-12-31,45.5,20,1.12,53.4,,-18.6,22.4,22.4,2013-12-31,36.5,14.1,,270.7,43.7,178,1.7
SJW,2012,2012-12-31,29.7,18.8,1.18,55.3,,-19,22.3,22.3,2012-12-31,37.9,15.5,,256.6,42.8,176.60000000000002,1.6
SJW,2011,2011-12-31,26.4,18.8,1.11,54.4,,-19.4,20.9,20.9,2011-12-31,35.4,14.6,,234.3,39.1,158.2,0.5
SJW,2010,2010-12-31,33,18.7,1.44,38.1,,-5.3,24.4,24.4,2010-12-31,33.4,9,,215.6,30.1,144.6,0.6
SJW,2009,2009-12-31,38.2,18.7,0.81,39.7,,-14.7,15.2,15.2,2009-12-31,25.5,10.3,,216.1,27.7,138.2,0.4
SJW,2008,2008-12-31,41.9,18.6,1.11,46.1,,-13.4,21.5,21.5,2008-12-31,34.7,13.2,,220.3,23.7,132.4,0.7
SJW,2007,2007-12-31,37.7,18.6,1.04,42.3,,-11.7,19.3,19.3,2007-12-31,31.9,12.5,,206.6,22.3,126.60000000000001,1.2
SJW,2006,2006-12-31,23.9,18.5,2.08,46.9,,6.6,38.6,38.6,2006-12-31,53.9,15.3,,189.2,21.1,118.5,0.5
SJW,2005,2005-12-31,21.7,18.5,1.18,43.8,,-7.8,21.8,21.8,2005-12-31,36.6,14.8,,180.1,20.7,114.60000000000001,0.6
SJW,2004,2004-12-31,27.3,18.4,0.95,39.5,,-8.9,19.8,19.8,2004-12-31,31.4,11.6,,166.9,17.3,100.10000000000001,0.8
SJW,2003,2003-12-31,23.2,18.3,1.02,33.5,,-4.2,18.7,18.7,2003-12-31,29.2,10.5,,149.7,16.2,93.1,-0.1
SJW,2002,2002-12-31,25.8,18.3,0.78,30.2,,-6.6,14.2,14.2,2002-12-31,23.9,9.7,,145.7,13.5,89.60000000000001,0.2
SJW,2001,2001-12-31,28.9,18.3,0.77,27.2,,-5.5,14,14,2001-12-31,21.4,7.4,,136.1,11.2,80,-0.3
SJW,2000,2000-12-31,22.3,18.3,0.58,25.3,,-5.2,10.7,10.7,2000-12-31,18.1,7.4,,123.2,,75.5,-2
SJW,1999,1999-12-31,19.3,18.3,0.87,28.6,,-2.3,15.9,15.9,1999-12-31,24.8,8.9,,117,,69.10000000000001,-1.6
SJW,1998,1998-12-31,15.9,19,0.84,28.5,,-2.8,16,16,1998-12-31,25.7,9.7,,106,,61.6,0
SJW,1997,1997-12-31,19.3,19,0.8,29.4,,-4.5,15.2,15.2,1997-12-31,25.3,10.1,,110.1,,61.400000000000006,0.4
SJW,1996,1996-12-31,18.2,19.4,0.96,26.7,,0.5,18.6,18.6,1996-12-31,27.6,9.1,,102.6,,57.7,0.4
SJW,1995,1995-12-31,19.8,19.5,0.59,23.1,,-3.8,11.5,11.5,1995-12-31,19.3,7.8,,97.4,,54.5,0
SJW,1994,1994-12-31,,19.5,0.51,20.2,,-5.1,9.9,9.9,1994-12-31,16.3,6.4,,99.4,,79.3,1.2
SJW,1993,1993-12-31,,19.4,0.61,23,,-4.5,11.8,11.8,1993-12-31,19.8,8.1,,95,,72,1.3
SJW,1992,1992-12-31,,17,0.6,21.7,,-4,10.2,10.2,1992-12-31,17.8,7.6,,89.1,,67.4,0.1
SJW,1991,1991-12-31,,17,0.5,18.3,,-3.9,8.4,8.4,1991-12-31,14.6,6.1,,76.3,,58,0.2
SJW,1990,1990-12-31,,17,0.5,17.2,,-3.5,8.5,8.5,1990-12-31,14.2,5.7,,70.5,,53.2,0.5
SJW,1989,1989-12-31,,17,0.25,9.8,,-3.8,4.3,4.3,1989-12-31,7.4,3.1,,56,,46.2,1.3
SJW,1988,1988-12-31,,16.9,0.42,14.9,,-3.9,7.2,7.2,1988-12-31,12,4.8,,62.6,,47.8,1
SJW,1987,1987-12-31,,16.8,0.51,19.1,,-3.2,8.9,8.9,1987-12-31,15.7,6.9,,65.7,,46.6,-0.2
SJW,1986,1986-12-31,,16.8,0.55,21.3,,-3.3,9.4,9.4,1986-12-31,18.4,9,,64.6,,43.3,0.4
SJW,1985,1985-12-31,,16.6,0.5,19.6,,-3.4,8.6,8.6,1985-12-31,16.7,8.2,,61,,41.5,0.6
SJW,1984,1984-12-31,,16.3,0.53,20.5,,-3.4,9,9,1984-12-31,17.7,8.7,,57.9,,37.4,0.6
SO,2019,2019-12-31,2570,1054,2.86081,7736,,-1574,4754,4744,2019-12-31,6542,1798,,20664,,11113,252
SO,2018,2018-12-31,3316,1025,2.96094,4191,,-1694,2242,2270,2018-12-31,2749,479,,22256,,15988,114
SO,2017,2017-12-31,2977,1008,2.61621,2333,,-1588,880,662,2017-12-31,1068,406,,22228,,17721,163
SO,2016,2016-12-31,1623,958,2.88076,4486,,-1258,2493,2529,2016-12-31,3480,951,,19454,,13787,50
SO,2015,2015-12-31,645,914,2.85767,4282,,-817,2421,2435,2015-12-31,3629,1194,,17442,,12562,-62
SO,2014,2014-12-31,672,901,2.82916,3642,,-816,2031,2031,2014-12-31,3008,977,,18406,,14153,-63
SO,2013,2013-12-31,461,881,2.76,3255,,-805,1710,1710,2013-12-31,2559,849,,17035,,13371,-81
SO,2012,2012-12-31,544,879,2.66,4463,,-819,2415,2415,2012-12-31,3749,1334,,2291,,11530,-38
SO,2011,2011-12-31,608,864,2.55,4231,,-836,2268,2268,2011-12-31,3487,1219,,2516,,12818,-61
SO,2010,2010-12-31,563,837,2.36,3802,,-871,2040,2040,2010-12-31,3066,1026,,2583,,13091,-59
SO,2009,2009-12-31,474,796,2.22,3277,,-883,1708,1708,2009-12-31,2604,896,,2335,,11992,10
SO,2008,2008-12-31,815,775,2.25,3506,,-887,1742,1742,2008-12-31,2657,915,,2945,,12806,-114
SO,2007,2007-12-31,515,761,2.28,3326,,-913,1734,1734,2007-12-31,2569,835,,2501,,11512,50
SO,2006,2006-12-31,543,748,2.12,3208,,-916,1573,1574,2006-12-31,2355,781,,14088,,10605,13
SO,2005,2005-12-31,731,749,2.12,2962,,-860,1591,1591,2005-12-31,2186,595,,13278,,9861,33
SO,2004,2004-12-31,643,743,2.06,2827,,-738,1532,1532,2004-12-31,2119,587,,11465,,8432,-17
SO,2003,2003-12-31,473,732,2.01,2895,,-696,1474,1474,2003-12-31,2086,612,,10747,,7883,-138
SO,2002,2002-12-31,449,714,1.85,2581,,-578,1318,1318,2002-12-31,1846,528,,10206,,7519,-179
SO,2001,2001-12-31,718,694,1.61,2391,,-548,1262,1119,2001-12-31,1677,558,,9906,,7046,-166
SO,2000,2000-12-31,677,654,1.52,2404,,-627,1313,994,2000-12-31,1582,588,,9590,,6985,-195
SO,1999,1999-12-31,954,685,1.93,2779,,-689,1276,1276,1999-12-31,2002,726,,11177,,7852,-88
SO,1998,1998-12-31,1243,697,1.59,2431,,-692,977,977,1998-12-31,1655,678,,11071,,7729,-84
SO,1997,1997-12-31,3033,685,1.42,2665,,-807,972,972,1997-12-31,1697,725,,12370,,6913,-181
SO,1996,1996-12-31,1103,673,1.67,2601,,-760,1127,1127,1996-12-31,1874,747,,10186,,6654,10
SO,1995,1995-12-31,491,665,1.66,2691,,-779,1103,1103,1995-12-31,1908,805,,9060,,5998,-29
SO,1994,1994-12-31,,650,1.52,2426,,-726,989,989,1994-12-31,1700,711,,8297,,5871,
SO,1993,1993-12-31,,637,1.57,2499,,-763,1002,1002,1993-12-31,1736,734,,8489,,5990,
SO,1992,1992-12-31,,632,1.51,2409,,-809,953,953,1992-12-31,1600,647,,8073,,5664,
SO,1991,1991-12-31,,631,1.39,2357,,-863,876,876,1991-12-31,1494,618,,8050,,5693,
SO,1990,1990-12-31,,631,0.96,2144,,-1020,604,604,1990-12-31,1124,520,,8053,,5909,
SO,1989,1989-12-31,,631,1.34,2144,,-773,846,846,1989-12-31,1371,525,,7620,,5476,
SO,1988,1988-12-31,,631,1.34,1806,,-548,847,847,1988-12-31,1258,411,,7235,,5429,
SO,1987,1987-12-31,,601,0.75,1781,,-811,452,452,1987-12-31,969,517,,7185,,5404,
SO,1986,1986-12-31,,580,3.44,1885,,782,1996,1996,1986-12-31,2668,672,,7021,,5136,
SO,1985,1985-12-31,,271,7.5,1835,,845,2030,2030,1985-12-31,2680,650,,6973,,5138,
SO,1984,1984-12-31,,501,3.62,1657,,735,1816,1816,1984-12-31,2392,576,,6273,,4615,
SO,1983,1983-12-31,,456,3.64,1584,,609,1656,1660,1983-12-31,2193,533,,5561,,3977,
YORW,2019,2019-12-31,,12.96629,1.25169,23.786,,-4.758,14.402,14.402,2019-12-31,16.642,2.24,,47.85,8.517,27.792,-2.386
YORW,2018,2018-12-31,,12.90384,1.03659,22.517,,-5.28,13.376,13.376,2018-12-31,15.867,2.491,,44.859,8.095,25.92,-1.37
YORW,2017,2017-12-31,,12.84917,1.02014,23.693,,-4.484,12.974,13.108,2017-12-31,17.517,4.409,,44.986,8.103,24.896,-1.692
YORW,2016,2016-12-31,,12.84597,0.92023,22.888,,-5.037,11.846,11.846,2016-12-31,17.255,5.409,,43.902,9.129,24.696,-0.632
YORW,2015,2015-12-31,,12.83169,0.97329,22.661,,-4.847,12.489,12.489,2015-12-31,17.229,4.74,,43.504,9.082,24.428,-0.585
YORW,2014,2014-12-31,,12.87991,0.8744,22.077,,-4.877,11.484,11.484,2014-12-31,16.361,4.877,,42.346,8.812,23.823,-1.155
YORW,2013,2013-12-31,,12.93,0.75,20.76,,-5.16,9.65,9.65,2013-12-31,15.47,5.81,,39.1,7.41,21.62,-0.13
YORW,2012,2012-12-31,,12.85,0.72,20.57,,-5.14,9.3,9.3,2012-12-31,14.91,5.61,,38.23,7.3,20.87,-0.52
YORW,2011,2011-12-31,,12.73,0.71,19.88,,-5.16,9.08,9.08,2011-12-31,14.04,4.96,,37.51,7.31,20.75,-0.68
YORW,2010,2010-12-31,,12.63,0.71,19.77,,-4.8,8.93,8.93,2010-12-31,14.51,5.58,,35.92,6.73,19.24,-0.47
YORW,2009,2009-12-31,,11.7,0.64,17.39,,-4.78,7.51,7.51,2009-12-31,12.09,4.58,,34.03,7.1,19.66,-0.52
YORW,2008,2008-12-31,,11.3,0.57,14.68,,-4.11,6.43,6.43,2008-12-31,10.06,3.63,,30.24,6.69,18.16,-0.51
YORW,2007,2007-12-31,,11.23,0.57,14.1,,-4.14,6.41,6.41,2007-12-31,10.11,3.69,,29.01,6.51,17.33,-0.08
YORW,2006,2006-12-31,,10.48,0.58,12.9,,-4.17,6.09,6.09,2006-12-31,9.29,3.2,,26.47,6.17,15.75,0.11
YORW,2005,2005-12-31,,10.36,0.56,12.79,,-3.6,5.83,5.83,2005-12-31,9.22,3.38,,24.75,5.43,14.02,-0.15
YORW,2004,2004-12-31,,9.94,0.49,9.91,,-3.2,5.3,5.3,2004-12-31,8.35,3.05,,20.68,4.76,12.6,-0.17
YORW,2003,2003-12-31,,9.58,0.46,9.33,,-2.84,4.45,4.45,2003-12-31,6.82,2.38,,18.25,4.25,11.56,0.01
YORW,2002,2002-12-31,,9.5,0.4,8.33,,-2.83,3.79,3.79,2002-12-31,5.82,2.03,,17.02,4.05,11.22,0.18
YORW,2001,2001-12-31,,9.23,0.43,8.93,,-2.94,4.01,4.01,2001-12-31,6.24,2.23,,17.04,3.92,10.47,0.16
YORW,2000,2000-12-31,,9.03,0.42,8.47,,-2.85,3.76,3.76,2000-12-31,5.84,2.08,,16.28,3.39,10.01,0.17
YORW,1999,1999-12-31,,8.97,0.35,7.26,,-2.75,3.16,3.16,1999-12-31,4.87,1.71,,15.57,3.28,10.25,0.25
YORW,1998,1998-12-31,,8.85,0.35,7.42,,-2.76,3.13,3.13,1998-12-31,4.9,1.77,,15.32,3.12,9.72,0.16
YORW,1997,1997-12-31,,8.74,0.36,7.32,,-2.76,3.12,3.12,1997-12-31,4.76,1.64,,15.27,3.24,9.68,0.15
YORW,1996,1996-12-31,,7.88,0.34,6.5,,-3.01,2.76,2.76,1996-12-31,4.02,1.26,,14.2,3.24,9.22,0.28
YORW,1995,1995-12-31,,7.59,0.3,6.33,,-2.97,2.31,2.31,1995-12-31,3.73,1.42,,14.19,3.19,9.12,0.14
YORW,1994,1994-12-31,,7.5,0.33,5.88,,-2.85,2.45,2.45,1994-12-31,3.5,1.06,,13.59,3.25,8.88,0.48
YORW,1993,1993-12-31,,7.4,0.34,5.61,,-3.12,2.55,2.55,1993-12-31,3.84,1.29,,13.07,3.32,8.59,1.35
YORW,1992,1992-12-31,,7.01,0.31,5.28,,-2.63,2.17,2.17,1992-12-31,2.93,0.77,,12.16,2.96,7.93,0.27
YORW,1991,1991-12-31,,6.57,0.31,5.3,,-2.69,2.03,2.03,1991-12-31,2.96,0.93,,12.01,2.74,7.72,0.35
YORW,1990,1990-12-31,,6.48,0.32,5.05,,-2.47,2.1,2.1,1990-12-31,2.95,0.85,,11.29,2.51,7.2,0.37
YORW,1989,1989-12-31,,6.41,0.32,5.09,,-2.62,2.02,2.02,1989-12-31,3.06,1.04,,10.96,2.41,6.79,0.58
YORW,1988,1988-12-31,,6.34,0.36,5.22,,-1.98,2.3,2.3,1988-12-31,3.39,1.09,,10.79,2.24,6.46,0.15
YORW,1987,1987-12-31,,6.28,0.35,5.24,,-1.93,2.21,2.21,1987-12-31,3.35,1.14,,10.47,2.09,6.11,0.04
YORW,1986,1986-12-31,,5.79,0.32,5.01,,-1.95,2.11,1.88,1986-12-31,3.15,1.27,,9.71,2.05,5.52,0.1
UGI,2019,2019-09-30,4323.1,181.111,1.54704,611,,-211,256.2,307.9,2019-09-30,400.5,92.6,,,1963.5,2386.2999999999993,0.5
UGI,2018,2018-09-30,4190.3,176.905,3.50539,1064.7,,-209.6,718.7,656.1,2018-09-30,854.5,198.4,,,2012.5,2396.2,-0.6
UGI,2017,2017-09-30,3003.3,177.159,2.84299,950.3,,-243,436.6,523.8,2017-09-30,701.4,177.6,,,1867.4,2167.0999999999995,-5.9
UGI,2016,2016-09-30,2437.5,175.572,2.25602,939.1,,-229.1,364.7,488.8,2016-09-30,710,221.2,,,1865.8,2309.1000000000004,
UGI,2015,2015-09-30,3736.5,175.667,1.55541,834.9,,-243.1,281,414,2015-09-30,591.8,177.8,,,1773.9,2119.7,
UGI,2014,2014-09-30,5175.7,175.2,1.9,1005.6,,-237.8,337.2,532.6,2014-09-30,767.8,235.2,,,1752.6,2096,
UGI,2013,2013-09-30,4324.4,173.3,1.6,831.1,,-240.7,278.1,427.6,2013-09-30,590.4,162.8,,,1692,2039.2000000000007,
UGI,2012,2012-09-30,4111.2,170.1,1.22,508,,-221.8,199.4,186.6,2012-09-30,286.2,99.6,,,1591.7,1900,
UGI,2011,2011-09-30,4010.9,169.4,1.57,577.9,,-138.9,232.9,308.2,2011-09-30,439,130.8,,,1266.4,1502.4999999999995,
UGI,2010,2010-09-30,3584,165.8,1.47,659.2,,-135.9,261,355.7,2010-09-30,523.3,167.6,,,1177.4,1348.1999999999998,
UGI,2009,2009-09-30,3670.6,164,1.4,685.3,,-144.2,258.5,382,2009-09-30,541.1,159.1,,,1220,1381.9,
UGI,2008,2008-09-30,4744.6,162.8,1.32,573.4,,-133.8,215.5,305.3,2008-09-30,439.8,134.5,,,1157.3,1330.1999999999998,
UGI,2007,2007-09-30,3730.8,161.9,1.26,569.3,,-131.9,204.3,311.2,2007-09-30,437.9,126.7,,3509.7,1055.8,1176.8000000000002,
UGI,2006,2006-09-30,3657.9,160.1,1.18,433.5,,-110,176.2,224.9,2006-09-30,323.4,98.5,,3533.6,969.2,1129.6,
UGI,2005,2005-09-30,3306,158.6,1.31,459.7,,-126.5,187.5,217.4,2005-09-30,336.6,119.2,,3263.6,966.6,1123,
UGI,2004,2004-09-30,2526.9,145,0.77,328,,-104.6,111.6,159.1,2004-09-30,223.5,64.4,,2801.2,790.5,929.7999999999997,
UGI,2003,2003-09-30,1984.3,129.7,0.77,291.1,,-97.3,100.1,134.7,2003-09-30,195.4,60.7,,2342.9,643.3,750.7,
UGI,2002,2002-09-30,632.1,125.7,0.59,247.9,,-97.5,77.1,105.1,2002-09-30,152,46.9,,1676.5,597.5,1333.6999999999998,
UGI,2001,2001-09-30,836,123.2,0.45,220.4,,-100.2,58.1,77.2,2001-09-30,122.6,45.4,,1832.5,517.8,1411.6999999999998,0
UGI,2000,2000-09-30,628.3,122.6,0.33,177.4,,-90.1,44.5,50.8,2000-09-30,90.9,40.1,,1274.3,461.2,956,0
UGI,1999,1999-09-30,390.8,144.1,0.38,166.5,,-77.4,57.3,68,1999-09-30,111.2,43.2,,963,454.4,826.3,19.9
UGI,1998,1998-09-30,443.8,149.1,0.26,161.3,,-77.5,42.5,51.4,1998-09-30,85.8,34.4,,1017.4,437.7,834.6000000000001,0
UGI,1997,1997-09-30,600.4,149.1,0.34,192.5,,-76.8,54.9,73.2,1997-09-30,116.8,43.6,,1180.8,439.8,849.1,0
UGI,1996,1996-09-30,569.7,149.1,0.26,153.8,,-75.5,42.3,46.6,1996-09-30,80.2,33.6,,1097.1,437.5,834.0999999999999,
UGI,1995,1995-09-30,261,147.2,0.05,72.4,,-54.1,-5.6,-3.7,1995-09-30,19,22.7,,520.2,331.6,544.2,
UGI,1994,1994-09-30,176.3,145.2,0.26,116.9,,-43.3,46.6,40,1994-09-30,73.6,33.6,,367.1,264,468.99999999999994,0
UGI,1993,1993-09-30,127.2,137.3,0.09,68.8,,-32.6,14.9,18,1993-09-30,36.2,18.2,,258.3,171.2,313.5,0
UGI,1992,1992-12-31,166.4,124.7,0.27,109.2,,-47.5,38,35.8,1992-12-31,61.7,25.9,,358.3,224.5,432.5,0
UGI,1991,1991-12-31,189.4,108.4,0.22,92.7,,-51.2,26.3,26.3,1991-12-31,41.5,15.2,,382,229.6,427.20000000000005,0
UGI,1990,1990-12-31,74.1,91.4,0.18,63.4,,-27.9,19.4,25.8,1990-12-31,40.4,14.5,,123.9,133.4,295.1,5
UGI,1989,1989-12-31,3.9,93.7,0.32,54.7,,-20.4,36.3,27.3,1989-12-31,43.3,15.9,,10.4,95,265.1,9
UGI,1988,1988-12-31,6.2,91.7,0.31,61.5,,-17.2,33.3,27.3,1988-12-31,44.2,17,,10.8,85.3,243.9,0
UGI,1987,1987-12-31,1.6,85.8,0.32,65.9,,-18.4,28.2,28.6,1987-12-31,40.4,11.9,,2.8,78.9,236.8,-7
UGI,1986,1986-12-31,60.9,83.4,0.31,63.7,,-20.5,24.9,27.9,1986-12-31,39.5,11.6,,116.7,123.4,318.5,-3.7
UGI,1985,1985-12-31,62.5,80.4,0.24,66.1,,-21.4,-27.2,24,1985-12-31,48.5,24.5,,118.6,124.1,353.9,3.8
UGI,1984,1984-12-31,269.2,78.2,0.26,67.9,,-24.1,22.9,24.2,1984-12-31,46.2,21.9,,113.2,127.2,203.8,2.4
UGI,1983,1983-12-31,153.6,85.6,0.01,36.7,,-29.5,6.4,5,1983-12-31,11.8,6.9,,240.6,158.5,476.69999999999993,4.6
VZ,2019,2019-12-31,54726,4140,5.51963,26648,77142,-4624,19265,19788,2019-12-31,22733,2945,,131868,29692,50494,709
VZ,2018,2018-12-31,55205,4132,5.01805,23660,75658,-4925,15528,16039,2018-12-31,19623,3584,,130863,28248,51998,888
VZ,2017,2017-12-31,52892,4089,3.73662,24548,73142,-4728,30101,13789,2017-12-31,20594,6805,,126034,28968,48594,774
VZ,2016,2016-12-31,52701,4086,3.78335,24925,73279,-4415,13127,13608,2016-12-31,20986,7378,,125980,28830,48354,476
VZ,2015,2015-12-31,52557,4093,3.96917,33060,79063,-4891,17879,18375,2015-12-31,28240,9865,,131620,32496,46003,71
VZ,2014,2014-12-31,49904,3981,4.1,18199,77175,-3027,9625,11956,2014-12-31,15270,3314,,127079,33909,58976,98
VZ,2013,2013-12-31,44887,2874,2.18,31968,75663,-2461,11497,23547,2013-12-31,29277,5730,,120550,33599,43695,-230
VZ,2012,2012-12-31,46235,2862,2.09,13160,69611,-2191,875,10557,2012-12-31,9897,-660,,115846,32145,56451,-1072
VZ,2011,2011-12-31,45875,2833,1.71,12880,65000,-6035,-865,6929,2011-12-31,7214,285,,110875,29670,52120,369
VZ,2010,2010-12-31,42008,2833,1.8,14645,64557,-1918,2549,10217,2010-12-31,12684,2467,,106565,29281,49912,-43
VZ,2009,2009-12-31,44299,2841,3.96,14027,63509,-2474,3651,10358,2009-12-31,11568,1210,,107808,32950,49482,15
VZ,2008,2008-12-31,39007,2850,2.87,16884,58347,-7091,6428,6428,2008-12-31,9759,3331,,97354,26898,41463,-34
VZ,2007,2007-12-31,37547,2902,2.22,15578,55922,-6115,5521,5510,2007-12-31,9492,3982,,93469,25967,40344,29
VZ,2006,2006-12-31,34994,2938,1.88,13373,53150,-5614,6197,5480,2006-12-31,8154,2674,,88144,25232,39777,395
VZ,2005,2005-12-31,25469,2817,2.52,14814,49643,-4444,7397,7397,2005-12-31,10607,3210,,75112,21312,34829,237
VZ,2004,2004-12-31,23168,2831,2.59,13117,48115,-3027,7831,7261,2004-12-31,10112,2851,,71283,21088,34998,22
VZ,2003,2003-12-31,21783,2789,1.23,7494,45969,-2771,3077,3509,2003-12-31,4761,1252,,67752,24999,38475,38
VZ,2002,2002-12-31,41952,2745,0.93,14997,25673,-8921,4079,4584,2002-12-31,6202,1618,,67625,,10676,126
VZ,2001,2001-12-31,41651,2730,0.3,11532,25539,-9033,389,590,2001-12-31,2766,2176,,67190,,14007,267
VZ,2000,2000-12-31,39481,2737,3.11,16758,25226,86,11797,10810,2000-12-31,17819,7009,,64707,,8468,975
VZ,1999,1999-12-31,10217,1583,2.66,8495,22957,-1120,4202,4208,1999-12-31,6765,2557,,33174,8241,14462,-610
VZ,1998,1998-12-31,9803,1578,1.87,6627,21763,-1750,2965,2991,1998-12-31,4999,2008,,31566,9266,15136,122
VZ,1997,1997-12-31,9941,1571,1.56,5342,20253,-1354,2455,2455,1997-12-31,3984,1529,,30194,9047,14911,-3
VZ,1996,1996-12-31,3629,879,1.98,2937,9453,-478,1882,1739,1996-12-31,2751,1011,,13081,3922,6516,292
VZ,1995,1995-12-31,3694,877,2.12,3086,9735,-561,1858,1862,1995-12-31,3009,1148,,13430,4022,6649,484
VZ,1994,1994-12-31,4002,874,1.6,2805,9790,-582,-755,1402,1994-12-31,2287,885,,13791,4333,6985,64
VZ,1993,1993-12-31,3620,873,1.7,2798,9370,-612,1403,1482,1993-12-31,2274,792,,12990,4028,6573,88
VZ,1992,1992-12-31,3782,866,1.61,2506,8865,-695,1341,1382,1992-12-31,2026,644,,12647,3942,6359,214
VZ,1991,1991-12-31,7456,790,1.7,2525,4824,-705,-223,1332,1991-12-31,1996,665,,12280,,2298,176
VZ,1990,1990-12-31,7311,787,1.69,2610,4987,-660,1313,1313,1990-12-31,1982,670,,12298,,2377,32
VZ,1989,1989-12-31,7016,792,1.36,2013,4433,-543,1075,1075,1989-12-31,1546,471,,11449,,2420,76
VZ,1988,1988-12-31,6282,792,1.66,2245,4599,-507,1317,1317,1988-12-31,1847,530,,10880,,2354,109
VZ,1987,1987-12-31,5835,796,1.56,2346,4463,-514,1240,1240,1987-12-31,1954,714,,10298,,2117,123
VZ,1986,1986-12-31,5530,798,1.46,2464,4391,-467,1167,1167,1986-12-31,2072,905,,9921,,1927,75
VZ,1985,1985-12-31,5276,799,1.37,2325,3808,-483,1093,1093,1985-12-31,1903,810,,9084,,1484,62
VZ,1984,1984-12-31,4788,783,1.24,2108,3302,-448,973,973,1984-12-31,1705,732,,8090,,1194,45
